2866 4928
604 182 815 257 -60--

123 351 163 423 ἵν’
187 349 207 447 ᾗ
229 355 325 448 λίμνη
347 356 405 425 ἔπι
428 368 458 426 Γ
453 356 585 445 υγαίηῑ)
609 357 696 426 τέκε·
726 362 847 436 κακῶς·
877 355 1042 443 μηδέποτε
1073 352 1133 441 γάρ
1155 351 1308 442 Ὅμηρον

121 469 244 553 λιμνῶν
274 467 371 534 τέκνα
401 467 560 559 ἱστορεῖν·
592 469 696 555 βίαιοι
727 468 765 536 δέ
795 465 887 536 εἰσιν.
912 469 1053 534 -item
1076 468 1165 533 inre
1189 467 1308 533 critica

122 578 296 646 Ghaerisa
329 581 481 666 magistro
514 583 649 651 discedit
670 589 701 648 Z
719 585 751 664 4,
784 581 880 649 schol.
903 580 1006 646 BLV:
1038 573 1199 665 aspriaeque
1231 573 1306 661 ἐγέ-

121 710 251 774 γραπτο
289 691 458 779 (μεσσηγὺς
498 697 665 778 ποταμοῖο
705 686 919 777 Σκαμάνδρου
959 687 1015 755 καὶ
1057 679 1307 773 Στομαλίμνηξ.

121 795 256 888 ὕστερον
287 802 323 869 δὲ
346 796 564 893 Ἀρίσταρχος
602 800 719 891 ταύτην
750 799 807 889 τὴν
834 798 960 890 γραφὴν
996 796 1096 886 εὓρών
1134 794 1307 882 ε’νέκρινεν.

122 914 245 999 Χαῖρις
268 910 395 1001 [Χάρης
417 917 523 1001 codd]
546 912 583 980 δὲ
604 911 738 1003 γράφει·
769 911 937 998 (μεσσηγὺς
960 913 1129 996 ποταμοῖο
1152 904 1307 994 Σκαμάν-

122 1022 200 1108 δρου
221 1023 278 1089 καί
301 1017 494 1109 Σιμόεντος.
516 1063 558 1073 -
581 1026 748 1092 Chaeridis
777 1024 992 1090 testimonium
1021 1023 1053 1088 iu
1077 1042 1112 1089 rc
1132 1021 1307 1104 prosodica

121 1133 255 1199 affertur
276 1134 372 1200 schol.
396 1141 426 1200 B
447 1138 509 1203 311
534 1136 726 1224 στρουθοῖο]
759 1130 803 1213 ὡς
832 1127 902 1200 άντδ
935 1127 1090 1216 δξοτάνου
1120 1127 1257 1210 εὐθείας
1289 1127 1308 1220 ἢ

126 1237 323 1328 ἀνάγνωσις·
353 1242 489 1334 Χαίριδι
513 1246 550 1313 δὲ
571 1243 686 1336 ἤρεσκε
707 1241 872 1333 βαράνιιν,
900 1242 956 1310 καὶ
977 1239 1060 1324 ’ίσιυς
1089 1240 1163 1310 ἐπεὶ
1191 1241 1233 1308 τά
1257 1239 1308 1321 εἰς

119 1342 185 1434 do}
216 1352 352 1443 λτβγοντα
375 1354 555 1442 δισύλλαβα
582 1359 753 1445 μονογενῆ,
781 1352 878 1443 φάσει
900 1358 1010 1444 μακρᾷ
1041 1349 1306 1442 παραληγόμενα,

122 1463 314 1555 ἐβαρύνετο,
338 1467 486 1550 Ξοῖθος,
509 1473 621 1556 Ζῆθος
642 1465 698 1533 καί
719 1469 842 1552 μῦθος·
871 1462 950 1533 aaa:
981 1467 1036 1533 ubi
1065 1466 1157 1532 valde
1188 1466 1308 1531 mutila

123 1597 296 1661 parumque
319 1586 472 1648 accurata
493 1581 696 1647 Herodianus
718 1579 868 1661 praehet3
897 1579 938 1644 ab
962 1579 1031 1660 ipso
1054 1578 1138 1645 enim
1160 1577 1233 1657 illo,
1265 1577 1307 1642 de

123 1689 208 1755 solit.
238 1689 312 1756 dict.
330 1692 383 1771 42,
404 1693 427 1757 4
448 1711 514 1775 sqq.
545 1690 745 1775 (quibuscum
770 1692 1016 1772 comparandum
1046 1689 1143 1755 schol.
1165 1689 1221 1754 Ar.
1243 1687 1307 1753 Av.

121 1798 198 1882 877)
222 1801 373 1867 discimus
401 1821 462 1867 n0n
486 1803 605 1868 nudum
629 1801 794 1885 analogiae
820 1801 1011 1883 principium
1036 1799 1195 1879 Chaeridi,
1218 1799 1308 1881 quod

121 1917 283 1999 στρυυθυς
296 1931 402 1978 rocem
414 1908 647 2000 βαρυιυνητέον
661 1913 847 1995 postularet,
861 1911 960 1977 tuisse
974 1928 1128 1994 caussam,
1143 1910 1200 1976 sed
1214 1909 1306 1975 Atti-

121 2043 174 2089 cos
191 2024 258 2088 eius
279 2029 426 2089 accentus
444 2030 544 2091 testes
560 2024 590 2090 ei
610 2023 725 2089 allatos
742 2024 880 2110 (Χαῖρις
896 2019 934 2087 δέ
949 2041 1048 2108 φησιν
1059 2014 1232 2097 Ἀττικοὺς
1245 2024 1309 2104 βα-

121 2114 274 2219 ρίνειντδ
292 2126 417 2218 δνυμα),
436 2136 582 2219 idemque
600 2138 754 2200 testatum
769 2133 978 2216 Tryphonem.
1011 2153 1086 2216 ergo
1101 2134 1134 2199 in
1153 2132 1213 2198 hoo
1228 2149 1309 2213 quo·
1351 2150 1354 2154 ’

121 2264 182 2329 que
197 2245 434 2312 Aristarcheum
452 2265 486 2312 se
501 2246 643 2328 praebet,
668 2245 788 2311 seilicet
804 2244 887 2309 sicut
902 2245 1107 2311 Aristarchus
1128 2249 1161 2309 et
1183 2243 1307 2326 Diony-

121 2357 186 2421 sius
212 2355 319 2421 Thrax
342 2349 548 2436 ἀττικίζοντα
574 2357 746 2422 Homerum
769 2355 918 2421 habebat.
941 2353 994 2440 (cf.
1025 2357 1069 2421 M.
1093 2353 1247 2421 Schmidt.
1270 2354 1307 2419 in

121 2465 236 2532 Philol.
258 2466 330 2546 VII,
345 2487 375 2549 p.
392 2467 480 2552 373).
503 2506 544 2514 —
566 2467 744 2533 homericae
759 2467 894 2550 denique
909 2467 994 2533 vocis
1015 2465 1239 2548 interpretatio
1262 2466 1305 2532 ab

121 2576 276 2643 Chaeride
299 2584 428 2644 auctore
449 2578 592 2661 profecta
612 2576 825 2644 latetscholl.
848 2600 866 2662 ρ
889 2577 952 2642 225
974 2582 1006 2643 et
1029 2576 1115 2642 074.
1150 2577 1305 2660 leguntur

121 2689 204 2754 enim
234 2688 331 2754 schol.
363 2691 452 2754 Arat.
482 2691 596 2772 phaen.
623 2685 703 2754 254:
731 2683 940 2774 μηνόφαντος
969 2684 1006 2752 δὲ
1035 2683 1225 2772 ἐπιγουνίδα
1246 2685 1306 2774 τὴν

120 2794 242 2885 κνήμην
264 2792 387 2880 ἀκούει,
421 2798 542 2865 διὰτὸ
568 2791 651 2865 εἶναι
682 2791 733 2863 ἐπ’
766 2791 863 2863 αὐτοῦ
893 2796 931 2862 τδ
960 2793 1044 2881 γόνυ.
1089 2795 1222 2864 δύναται
1246 2789 1305 2863 οὖν

122 2903 190 2976 άττδ
213 2907 332 2995 μέρους
365 2903 441 2975 ὅλον
470 2909 508 2975 τδ
540 2908 656 2987 σκέλος
685 2902 875 2975 άκοάισδαι.
918 2901 995 2997 παρ’
1012 2903 1143 2998 Ὁμήρῳ
1165 2908 1202 2975 δὲ
1224 2905 1304 2974 ἐντι-

121 3019 228 3106 γουνὶς
257 3020 296 3087 τδ
324 3017 392 3086 άνω
422 3023 479 3087 τοῖν
510 3017 662 3107 γόνατος,
694 3015 739 3098 ὡς
756 3013 991 3108 Ἀρίσταρχος·
1024 3015 1069 3098 ὡς
1098 3019 1136 3087 δὲ
1156 3014 1301 3109 Κράτης,

96 3128 268 3217 ’ἐπωμίς
315 3126 359 3211 ὡς
388 3131 425 3198 δὲ
447 3128 569 3220 Χάρης,
592 3128 611 3220 η
633 3125 682 3219 ἐφ’
707 3128 783 3197 ὅλου
806 3125 958 3216 σώματος
979 3124 1143 3217 εδσαρκία.
1186 3127 1304 3221 Χάρης

126 3245 210 3327 quod
231 3244 283 3312 hic
306 3244 460 3324 habetur,
490 3245 574 3312 sicut
595 3245 667 3310 aliis
688 3243 781 3324 locis,
811 3243 842 3309 in
865 3245 989 3328 Χαῖρις
1020 3244 1209 3310 mutandum
1231 3262 1303 3311 esse

123 3361 209 3421 recte
234 3357 395 3437 perspexit
417 3355 654 3440 Spitznerus2).
686 3355 874 3438 quibuscum
894 3354 1037 3421 conferas
1059 3372 1178 3438 quaeso
1200 3353 1301 3420 schol.

211 3528 241 3607 1)
264 3529 306 3588 sic
335 3529 424 3587 Dind.
456 3535 486 3587 et
515 3532 560 3590 La
588 3531 705 3601 Roch03
735 3548 841 3606 parum
868 3535 964 3602 recte,
997 3547 1176 3609 quamquam
1204 3548 1242 3588 ex
1270 3529 1303 3587 h.

123 3633 215 3692 schol.
246 3631 364 3692 dicendi
393 3632 508 3692 ratione
537 3632 625 3692 facile
654 3634 833 3710 profectam,
872 3634 914 3691 M.
943 3631 1093 3704 Schmidt,
1130 3631 1197 3690 Did.
1230 3634 1303 3706 124,

123 3735 261 3795 Chaeridi
293 3741 323 3794 et
345 3734 479 3794 Diodoro
508 3735 638 3814 imputat
660 3735 837 3813 scripturam
858 3733 945 3818 λίμνη
968 3731 1015 3792 ἔστι
1040 3731 1163 3816 Γυγαίη.
1207 3732 1302 3808 illam,

122 3843 156 3898 ut
177 3858 232 3915 per
261 3859 292 3898 se
319 3838 487 3898 necessaria
517 3838 652 3913 videtur,
684 3837 727 3897 ita
749 3842 876 3898 testatur
897 3839 1034 3898 Eustath.
1058 3842 1129 3910 336,
1153 3841 1186 3894 3:
1216 3831 1249 3893 οῖ
1269 3831 1303 3894 δὲ

123 3937 288 4018 σχολιασταὶ
311 3935 343 3999 τδ
367 3936 419 4016 μὲν
443 3941 555 4020 Γυγαίη
579 3937 710 4018 δέχονται
732 3932 795 4000 κατ’
818 3932 939 4001 εάθεῖαν
961 3941 1083 4013 πτῶσιν,
1105 3932 1137 3999 τδ
1161 3932 1193 3996 δὲ
1213 3935 1303 4022 λίμνη

122 4036 197 4101 κατά
220 4037 348 4121 δοτικήν.
1123 4113 1126 4120 ,

210 4147 241 4227 2)
265 4149 366 4208 curor.
389 4147 454 4207 crit.
477 4146 509 4205 in
533 4148 636 4220 scholl.
659 4147 797 4223 Apollon.
821 4149 879 4207 Rh.
902 4152 933 4207 et
954 4147 1064 4206 Eudoo.
1088 4143 1166 4204 Viol.
1189 4143 1303 4204 Partic.

123 4251 139 4308 I
163 4251 235 4329 (qua
257 4251 294 4308 ad
318 4271 444 4311 examen
465 4251 588 4312 vernale
610 4283 652 4294 -
674 4250 805 4329 invitat),
827 4250 974 4312 Wittenb.
998 4254 1089 4310 1819.
1111 4271 1140 4328 p.
1164 4252 1193 4307 6.
1217 4247 1246 4308 7.
