2866 4928
569 146 780 212 -24-

177 317 242 382 iam
262 315 362 382 babes
385 317 491 383 omnia
513 335 593 399 quae
610 319 655 386 ¹dc
677 322 785 382 nostro
809 318 928 382 tradita
951 323 1041 383 sunt:
1071 317 1133 382 fuit
1160 319 1270 400 proxi-

91 445 162 492 mus
183 432 255 509 post
277 428 476 494 Theocritum
499 434 594 509 poeta
616 427 787 510 bucolicus,
809 427 871 493 fuit
885 429 968 494 idem
986 429 1212 510 grammaticus
1237 433 1272 494 et

91 537 270 603 Aristarchi
292 538 477 620 discipulus.
490 543 518 618 1)
551 558 653 620 neque
675 557 732 622 ego
748 558 829 621 quae
846 539 892 604 eis
905 539 1021 604 addam
1039 539 1140 605 multa
1156 539 1271 605 habeo.

89 649 150 715 hoc
171 667 228 731 pro
251 655 337 715 certo
368 670 406 715 cx
437 669 491 733 eo,
523 652 606 733 quod
639 651 817 716 Aristarchi
850 649 1069 716 familiaritate
1101 669 1176 716 usus
1208 656 1271 733 est,

91 759 319 842 colligendum,
352 761 458 842 illum,
488 760 543 841 qui
566 763 692 827 natione
720 760 782 826 luit
806 762 1036 844 Syracusanus,
1069 762 1271 844 aliquantum
1349 846 1352 851 Ι

92 872 210 937 aetatis
241 872 452 937 Alexandriae
484 871 616 954 degisse.
655 873 705 936 cui
736 873 781 937 rei
811 879 844 938 et
872 873 931 939 hoc
962 891 1031 938 esse
1054 873 1272 938 testimonium

93 983 291 1064 Hartungins
312 983 382 1048 vult
403 985 472 1066 (qui
493 984 618 1049 omnino
641 986 680 1049 de
704 985 805 1050 nostri
829 984 895 1048 vita
918 983 1095 1066 disputavit
1114 1004 1145 1067 p.
1161 985 1272 1065 2--5)‚

93 1094 176 1176 quod
199 1095 231 1158 in
254 1095 391 1160 carmine
406 1096 490 1160 inter
505 1095 692 1162 Theocritea
706 1095 820 1177 XXIV,
843 1095 927 1177 quod
942 1095 1071 1160 Moscho
1087 1112 1155 1160 esse
1173 1096 1273 1160 aseri-

94 1204 241 1286 bendum,
256 1206 356 1272 Ursae
366 1208 495 1272 maioris
508 1206 565 1273 fiat
576 1208 703 1290 mentio,
722 1208 806 1288 quod
822 1207 910 1272 sidus
927 1205 1080 1272 Graeciae
1095 1205 1275 1288 Italiaeque

94 1315 206 1381 incolis
226 1334 286 1381 non
309 1318 469 1400 occidere,
501 1318 722 1384 Alexandrinis
752 1319 894 1384 occidere
924 1319 999 1383 viris
1029 1317 1142 1382 harum
1165 1335 1273 1381 rerum

96 1427 210 1508 peritis
229 1446 299 1494 esse
321 1435 525 1511 compertum.
566 1432 650 1511 quod
673 1449 731 1513 ego
753 1436 976 1511 argumentum
998 1429 1029 1493 in
1053 1428 1155 1492 medio
1177 1426 1274 1492 relin-

97 1555 201 1618 quam.
239 1544 379 1604 ceterum
402 1542 486 1623 quod
509 1542 673 1620 Moschus,
705 1548 741 1607 ut
762 1541 926 1606 literarum
950 1541 1092 1622 artisque
1114 1558 1274 1622 gramma-

96 1649 180 1714 ticae
202 1632 378 1733 studiosus,
396 1652 638 1734 Alexandriam,
670 1653 839 1718 cuiuslibet
868 1651 1030 1717 doctrinae
1051 1669 1129 1733 prae
1159 1650 1275 1715 ceteris

98 1759 230 1826 urbibus
260 1763 456 1843 praeclaram
493 1763 655 1829 cultricem
687 1782 743 1829 nec
774 1782 833 1828 non
868 1782 978 1846 regum
1010 1763 1111 1827 literis
1149 1760 1275 1842 egregie

99 1869 271 1938 lavantium
294 1874 564 1956 opulentissimam
587 1875 704 1954 sedem,
726 1895 760 1940 ss
776 1874 918 1956 contulit,
942 1873 1035 1938 huius
1051 1891 1126 1937 sane
1142 1872 1187 1936 rei
1201 1890 1274 1953 per-

101 1983 201 2049 multa
222 1984 321 2051 habet
342 2005 379 2052 ac
401 1988 566 2052 notissima
588 1987 731 2069 exempla
743 1989 782 2068 ²).
825 1985 1052 2069 grammaticae
1080 1993 1186 2048 autem
1220 2001 1276 2047 no-

101 2100 202 2160 strum
234 2114 361 2179 operam
392 2116 524 2164 navasse
553 2119 591 2165 ex
618 2100 718 2182 ipsius
740 2099 895 2180 poematis
918 2097 1035 2176 elucct3
1066 2114 1094 2160 u.
1117 2095 1276 2175 Hartung.

102 2226 132 2288 p.
155 2207 192 2271 3:
222 2244 290 2288 „—
311 2209 434 2276 Moschi
457 2210 538 2275 enim
562 2211 702 2276 carmina
725 2214 798 2273 sunt
819 2209 867 2274 ita
889 2212 1089 2287 comparata,
1112 2211 1148 2270 ut
1169 2222 1276 2287 gram-

102 2318 220 2384 matica
241 2320 381 2385 auctoris
403 2320 527 2404 studia,
561 2322 622 2387 etsi
643 2341 703 2387 non
725 2320 921 2400 admonitus,
944 2317 1092 2384 facillime
1113 2333 1277 2397 agnoscas,

103 2429 223 2512 quippe
253 2450 334 2513 quac
361 2431 487 2499 scholae
509 2433 757 2515 disciplinaeque
785 2450 876 2496 usum
899 2450 937 2496 ac
960 2430 1137 2496 doctrinam
1159 2427 1280 2507 saepis-

104 2541 183 2607 sime
205 2542 382 2624 redolent“;
406 2544 443 2610 cl.
467 2563 547 2626 quae
568 2545 653 2610 idem
675 2543 767 2609 affert
788 2563 818 2625 p.
834 2543 873 2608 31
899 2548 931 2608 et
954 2560 1035 2624 quae
1057 2559 1125 2622 sqq.

190 2652 253 2717 iam
276 2654 316 2718 de
338 2657 553 2736 grammaticis
575 2656 696 2721 Moschi
718 2655 832 2720 studiis
854 2654 961 2735 aliqua
991 2672 1029 2718 ex
1048 2655 1141 2734 parte
1164 2649 1282 2715 certius

106 2764 210 2839 edocti
238 2742 356 2847 simus,
390 2767 483 2832 modo
512 2767 612 2832 nostri
641 2767 681 2833 ab
712 2766 875 2831 Athenaeo
904 2763 972 2846 fieri
1004 2762 1192 2827 mentionem
1222 2779 1282 2842 pro

108 2882 268 2959 comperto
290 2876 464 2949 habeamus
485 2878 505 2944 l.
528 2879 574 2944 XI
596 2879 659 2943 485
681 2878 708 2943 Ε
731 2872 868 2956 Μόσχος
890 2875 919 2940 d’
942 2871 976 2939 ἐν
994 2868 1140 2960 ἐξηγήσει
1156 2867 1282 2938 Ῥοδια-

107 2987 175 3052 κῶν
196 2986 315 3070 λέξεων
335 2991 511 3074 κεραμεοῦν
533 2984 659 3075 ἀγγεῖόν
682 3010 780 3077 φησιν
802 2983 882 3053 αὐτὸ
905 2987 961 3070 [se.
986 2982 1164 3066 denuncio]
1187 2974 1281 3064 εἶναι,

109 3098 215 3177 ἐοικὸς
236 3103 310 3178 ταῖς
332 3099 518 3186 λεγομέναις
539 3097 755 3186 campactum,
780 3092 1043 3186 ἐκπεταλώτερον
1065 3093 1111 3161 ds'.
1141 3098 1282 3178 (enume-

198 3377 228 3456 1)
250 3379 293 3438 ita
314 3379 392 3438 enim
416 3379 589 3456 simpliciter
618 3379 711 3455 accipi
741 3378 830 3438 licere
859 3395 963 3437 vocem
984 3367 1132 3455 γνώριμος
1159 3374 1283 3432 constat.

111 3487 191 3542 certe
213 3482 237 3541 si
253 3482 320 3561 quis
336 3501 442 3557 magna
455 3483 582 3543 fruentis
595 3482 770 3542 auctoritate
791 3480 849 3541 viri
872 3479 973 3539 audiat
993 3473 1152 3558 γνώριμος,
1174 3477 1285 3534 habere

112 3604 182 3656 nos,
215 3585 294 3664 quod
317 3603 382 3643 eum
404 3605 465 3644 non
488 3585 581 3645 solum
604 3585 820 3658 familiaritate,
843 3585 894 3643 sed
917 3583 1004 3642 etiam
1028 3580 1183 3657 disciplina
1204 3576 1285 3636 illius

112 3707 198 3747 usum
220 3706 284 3747 esse
306 3707 371 3747 oum
393 3707 500 3764 magna
520 3689 585 3749 veri
607 3687 704 3765 specie
726 3691 901 3760 statuamus,
931 3683 1105 3762 putaverim.
1137 3714 1177 3725 -
1208 3684 1285 3740 oete-

112 3810 178 3850 rum
195 3789 301 3849 mirum
317 3791 395 3870 quod
411 3791 599 3852 halucinatus
615 3791 765 3850 Haulerus
782 3791 801 3848 1.
815 3790 849 3851 l.:
870 3790 948 3864 „iam
969 3805 1116 3848 sumamus
1132 3783 1285 3842 Moschum

114 3928 155 3939 -
180 3914 238 3953 una
259 3914 323 3954 oum
345 3895 517 3979 Aristarcho
535 3894 742 3972 Aristophanis
758 3894 895 3972 Byzantii
917 3891 1074 3967 disciplina
1095 3906 1179 3946 usum
1195 3887 1287 3945 esse.“

201 4001 232 4078 2)
255 4001 381 4076 Mallon,
410 3985 462 4059 Mc.
494 3997 608 4057 d’Alex.
640 4002 661 4060 t.
683 4000 733 4071 II,
763 4017 792 4073 p.
818 4001 870 4055 32:
899 3993 1072 4069 „Theocrito
1094 3991 1185 4062 tient,
1218 4008 1287 4048 sous

116 4106 268 4180 beaucoup
292 4103 327 4160 de
349 4106 501 4179 rapports,
534 4098 674 4161 bl’sioolc
697 4097 923 4176 d’Alexandrie,
953 4096 1031 4156 aussi
1054 4095 1124 4153 bien
1146 4111 1204 4172 que
1225 4087 1287 4149 l’un

117 4209 152 4266 de
175 4225 221 4266 ses
242 4205 309 4281 plus
329 4206 464 4265 heureux
484 4206 665 4275 imitateurs,
691 4204 838 4277 Moschus,
861 4199 964 4262 l’elbve
987 4195 1054 4258 d’un
1076 4194 1230 4256 lite'rateur
1252 4194 1288 4254 de

116 4309 145 4370 la
166 4309 260 4369 mdmc
282 4310 390 4373 ecolcf‘
