2866 4928
605 130 817 196 ..44-

121 299 296 365 lubidinem
324 300 525 381 castigavit.“
570 301 633 366 iam
663 301 747 366 hunc
777 299 979 365 Troezenium
1004 298 1189 365 Aristarchi
1211 298 1314 365 disci·

122 410 248 493 pulum,
280 429 373 493 quem
400 412 486 492 apud
515 410 721 478 Plutarchum
750 411 951 494 proverbium
973 410 1187 494 explicantem
1210 410 1311 476 modo

122 521 276 602 vidimus,
309 523 394 586 inter
424 522 725 606 paroemiographos
756 521 1013 588 Schneidewinus
1042 521 1142 587 refert
1172 527 1312 604 propter

122 631 260 714 Hesyeh.
292 627 436 698 Ιλαόκου
466 630 575 718 τέχνη·
610 628 859 719 Διονυσόδωρος
888 629 945 718 τὴν
974 628 1052 719 περὶ
1082 628 1139 697 τόν
1169 626 1309 720 σίδηρον

121 739 283 830 κόλλησιν.
312 742 457 820 Γλαῦκος
477 741 538 831 γὰρ
561 747 650 821 Χῖος
671 738 803 831 σιδήρου
824 740 977 831 κόλλησιν
997 735 1078 826 εὗρε.
1099 779 1142 790 -
1164 743 1307 809 eundem

121 855 307 936 Apollonius
329 857 368 922 de
389 874 479 938 pron.
501 875 533 938 p.
556 856 619 923 262
642 855 743 921 tradit
763 856 950 938 pronomina
964 855 1082 921 dixisse
1104 876 1305 940 παρονομα-

122 962 212 1044 σίας;
237 961 319 1032 ἀλλὰ
342 963 404 1052 μὴν
427 958 502 1032 οὐδὲ
519 965 603 1031 κατοὶ
625 965 682 1033 τόν
704 969 761 1032 τοῦ
780 961 969 1053 Τροιζηνίου
984 960 1235 1050 Διονυσοδώρου
1250 959 1306 1031 λό-

121 1099 178 1161 γον
193 1071 446 1164 παρονομασίας
459 1075 601 1164 κλητέον,
625 1074 700 1143 ἐπεὶ
714 1075 771 1142 καὶ
792 1071 877 1141 ἄλλα
899 1072 934 1141 ἔν
952 1096 1019 1142 τισι
1036 1071 1307 1163 παρονομόζεται

120 1183 228 1267 aas).
271 1196 307 1253 ut
336 1188 472 1257 fortasse
497 1190 599 1256 simile
625 1195 724 1273 atque
755 1189 915 1272 Tyrannio
944 1188 1110 1271 scripsisse
1135 1190 1306 1271 putandus

122 1301 165 1365 sit
187 1317 266 1381 opus
288 1297 372 1385 Περὶ
394 1301 458 1365 τῶν
472 1300 580 1386 μερῶν
595 1304 651 1366 τοῦ
670 1297 776 1384 λόγου,
799 1300 849 1367 vel
872 1300 937 1366 tale
960 1300 1046 1383 quid.
1068 1305 1306 1380 -practerea

121 1417 230 1478 nostro
251 1413 410 1493 nonnulla,
432 1412 486 1478 ubi
509 1415 593 1480 nude
616 1413 851 1494 Dionysodorus
866 1412 980 1490 dictus,
1002 1410 1175 1477 tribuenda
1190 1410 1305 1476 viden-

122 1528 190 1603 tur,
219 1523 303 1588 sieut
326 1523 365 1589 ab
388 1524 441 1589 his
462 1524 527 1590 illis
543 1525 626 1619 *viris
648 1524 750 1589 doctis
771 1529 847 1587 suut
867 1523 1047 1604 assignata:
1071 1522 1199 1588 lucian.
1225 1517 1306 1606 περὶ

123 1628 331 1717 πταίσματος
346 1654 373 1701 0.
390 1637 430 1701 10
442 1636 490 1718 ²):
512 1620 569 1700 καὶ
590 1635 800 1720 Πτολεμαῖος
822 1632 859 1700 δὲ
874 1628 892 1698 ὃ
907 1628 1035 1717 Λόγου,
1061 1625 1203 1717 Σελεύκῳ
1225 1629 1305 1698 ἐστι·

121 1742 281 1826 στέλλων,
317 1745 431 1832 σαφῶς
460 1738 640 1833 ἀνέστρεψε
670 1743 726 1835 τὴν
755 1742 849 1827 τάξιν
876 1765 933 1792 -·
964 1738 1008 1822 ὡς
1038 1736 1303 1830 Διονυσόδωρος,

122 1850 140 1919 ὁ
169 1854 229 1934 τὰς
260 1854 438 1936 ἐπιστολὰς
470 1861 528 1923 τοῦ
559 1851 656 1923 αὐτοῦ
685 1853 883 1942 συναγαγών,
915 1875 1023 1943 φησιν.
1067 1855 1163 1921 00101.
1186 1854 1304 1936 Eurip.

120 1967 284 2051 Hippolyt.
316 1971 377 2035 123
391 1974 435 2050 il:
465 1963 485 2060 ἠ
516 1965 567 2035 ὅτι
594 1968 672 2057 περὶ
702 1968 759 2058 τὴν
785 1964 975 2057 Τροιζηνίαν
996 1961 1128 2055 τοιαότη
1149 1963 1201 2044 τίς
1224 1965 1301 2036 ἐστι

122 2077 247 2167 πέτρα,
278 2077 315 2161 ἐξ
339 2072 374 2169 ἦς
395 2079 433 2147 τὸ
455 2076 717 2168 καταφερόμενον
746 2074 833 2166 ὕδωρ
865 2075 987 2163 Adara
1008 2077 1070 2155 τοὶς
1090 2073 1222 2165 ὑδρίας,
1257 2075 1306 2160 ὡς

121 2187 369 2277 Διονυσόδωρος
398 2188 432 2256 ἐν
463 2196 510 2278 τῷ
538 2189 617 2277 περὶ
644 2195 802 2276 ποταμῶν
834 2211 924 2279 φησι.
967 2191 1066 2258 00101.
1095 2190 1171 2256 Eur.
1203 2191 1305 2259 Rhes.

121 2302 183 2367 508
195 2303 244 2385 ι);
276 2297 294 2369 ὁ
322 2306 398 2387 γοῦν
429 2298 679 2391 Διονυσόδωρος
719 2300 753 2368 ἐν
781 2306 854 2380 τοῖς
885 2301 976 2390 παρὰ
1014 2305 1086 2380 τοῖς
1115 2300 1307 2389 τραγῳδοῖς

120 2407 357 2501 ἡμαρτημένοις
387 2412 487 2502 φησὶν
514 2408 635 2492 οὕτως·
667 2410 733 2480 κτὲ.
764 2451 805 2462 -
839 2415 1024 2481 dubitanter
1053 2413 1157 2480 adicio
1192 2413 1308 2480 Laert.

120 2525 213 2606 Diog.
234 2525 276 2604 ΙΙ,
299 2525 400 2606 425);
433 2522 681 2612 Διονυσόδωρος
703 2524 740 2591 da'
761 2546 841 2613 φησι
863 2524 908 2614 μὴ
929 2517 1013 2591 εἶναι
1035 2518 1134 2590 αὐτοῦ
1161 2524 1220 2606 [00.
1246 2525 1308 2591 So·

122 2637 230 2717 cratis]
254 2635 311 2701 τὸν
333 2637 471 2704 παιᾶνα.
497 2639 593 2704 schol.
616 2639 760 2720 Apellen.
782 2639 842 2704 Rh.
864 2640 890 2720 1,
913 2639 974 2703 917
997 2639 1038 2703 de
1061 2634 1236 2722 Gabirisi).
1259 2672 1307 2686 -

122 2765 203 2828 quae
226 2749 330 2814 omnia
353 2749 380 2815 si
402 2768 477 2816 vere
498 2755 607 2816 nostro
624 2750 788 2832 assignata
803 2754 906 2829 erunt,
928 2748 1008 2814 satis
1029 2748 1127 2814 variis
1149 2747 1181 2812 in
1204 2767 1307 2830 geue·

121 2858 210 2925 ribus
231 2860 340 2926 studia
362 2859 498 2927 hominis
520 2866 648 2927 versata
671 2879 741 2927 esse
763 2879 923 2942 agnosces.

225 3066 327 3159 'XV.
380 3086 626 3159 Ptolemaeus
652 3086 864 3178 Euergetes
889 3087 932 3159 11
963 3086 1178 3178 Phye007).

205 3269 405 3337 Ptolemaeus
427 3271 602 3354 Euergetes
624 3271 656 3335 ΙΙ
677 3271 815 3355 Aegypti
849 3291 904 3337 rex
930 3271 970 3337 ab
993 3272 1157 3337 Athenaeo
1179 3270 1304 3340 diserte

121 3381 299 3448 Aristarchi
323 3381 497 3466 discipulus
519 3384 639 3450 dicitur
659 3384 708 3464 H,
739 3385 777 3449 71
801 3385 844 3449 Β;
868 3382 1076 3468 Πτολεμαῖος
1104 3374 1135 3446 d’
1160 3376 1178 3448 ό
1200 3377 1303 3469 Εὐερ-

212 3592 239 3670 1)
262 3592 501 3670 Dionysodorum
524 3599 626 3653 eontra
650 3592 841 3670 Apollonium
872 3595 994 3652 tuentur
1023 3592 1143 3651 Lersch.
1165 3591 1213 3665 11,
1250 3592 1302 3654 57.

124 3698 171 3753 58.
191 3693 346 3754 8101011001.
371 3695 441 3754 573.

207 3797 238 3874 2)
263 3796 457 3856 Graefenhan.
480 3798 522 3871 H,
548 3799 616 3857 170.
641 3794 857 3858 Schneidewin.
879 3795 898 3854 1.
921 3795 940 3852 l.

208 3901 239 3976 3)
262 3900 396 3960 Mueller.
419 3901 439 3958 l.
461 3901 480 3959 l.

208 4003 238 4079 4)
261 4001 361 4063 Vater.
384 4005 472 4063 Rhee.
496 4003 564 4062 VII.
589 4001 722 4060 Dindorf.
746 4001 823 4060 adl.
847 4001 997 4061 Barthold.
1020 4020 1049 4076 p.
1074 4007 1091 4059 6
1115 4021 1143 4060 0.
1172 4006 1198 4061 1.

207 4106 239 4182 5)
261 4107 298 4164 ad
320 4104 558 4182 Dionysodorum
580 4106 722 4164 Boeotum
745 4104 838 4163 trahit
860 4103 944 4164 Voss.
966 4103 986 4162 l.
1008 4102 1027 4162 l.

207 4205 238 4286 6)
261 4208 392 4267 Lobeolr.
415 4208 559 4285 Aglaoph.
581 4229 610 4285 p.
638 4213 726 4266 1221.
749 4206 963 4268 Schneidewin.
985 4206 1005 4267 l.
1028 4207 1047 4266 1.
1081 4206 1215 4266 Mueller.
1237 4207 1258 4266 l.
1280 4209 1302 4270 l.

209 4314 240 4391 7)
262 4331 292 4371 v.
316 4310 399 4371 Voss.
422 4310 491 4371 hist.
515 4331 559 4387 gr.
580 4331 610 4387 p.
631 4312 686 4370 175
712 4310 867 4371 Westerm.
891 4307 1005 4369 Febric.
1028 4309 1064 4383 V,
1086 4315 1158 4369 296.
1180 4310 1301 4374 Matter.

1162 4688 1165 4691 .
1176 4684 1379 4691 -.——-.-a
