2866 4928
603 208 816 274 ...25-

120 382 234 440 rantur
249 375 279 440 h.
294 375 314 439 l.
330 382 490 442 auctores:
520 378 689 460 Nicander,
712 376 889 460 Lycophro,
905 373 1062 450 Moschus,
1079 370 1297 436 Artemidorus

50 485 52 491 ⁴
122 486 397 567 Aristophaneus).
414 488 497 555 hunc
512 490 611 571 igitur
625 489 790 555 Moschum
806 480 982 572 ἐξηγήσεως
991 479 1165 548 Ῥοδιακῶν
1179 477 1298 561 λέξεων

121 603 282 662 auctorem
296 596 325 679 ¹)
357 616 425 664 esse
457 605 598 665 nostmm
635 606 753 683 negant
783 594 1034 663 Graefenhanius
1073 595 1119 674 (Ι,
1151 591 1228 663 547»
1266 598 1299 656 et

120 707 286 788 Baehrius,
309 709 340 773 in
355 709 470 794 Paulyi
491 712 555 777 ER.
579 731 602 777 s.
618 732 648 778 v.
671 710 829 776 Moschus.
852 707 890 773 cf.
914 705 1022 772 Meier.
1046 723 1155 771 comm.
1177 703 1297 768 Andoc.

121 818 177 898 VI,
200 819 220 883 3
243 838 273 900 p.
298 821 317 886 6
341 822 396 903 (=
413 822 530 903 Opusc.
552 822 594 902 II,
609 842 640 904 p.
654 821 710 904 35)
733 842 762 887 n
788 821 859 886 128.
882 837 939 901 ego
956 836 1012 882 cur
1027 835 1107 899 opus
1123 814 1298 895 lexicogra-

120 929 249 1010 phicum
271 948 291 994 a
312 931 510 1014 Syracusano
532 933 749 999 abiudicemus
771 951 832 996 non
855 930 957 995 video.
980 947 1051 994 cum
1068 927 1198 994 enimin
1215 929 1298 990 cete-

120 1059 226 1105 rorum
249 1041 304 1123 qui
325 1042 533 1123 perhibentur
554 1044 756 1109 Moschorum
779 1060 908 1106 numero
921 1041 952 1122 ¹)
986 1038 1214 1122 grammaticus
1236 1053 1299 1100 non

121 1149 296 1232 referatur,
331 1155 358 1217 si
388 1173 506 1235 pronus
535 1156 593 1220 sim
625 1156 667 1220 ad
697 1154 919 1221 vindicandam
942 1149 1121 1216 Aristarchi
1144 1145 1298 1229 discipulo

121 1261 208 1327 iliam
233 1257 396 1351 ἐξήγησιν,
429 1266 562 1348 propius
593 1266 634 1330 ab
656 1266 736 1332 artis
759 1264 887 1331 criticae
909 1262 1090 1345 praeceptis
1111 1266 1198 1325 stare
1221 1257 1298 1321 mihi

121 1373 240 1439 videor.

120 1577 206 1655 vn.
232 1584 486 1658 Aristarchus
505 1590 546 1658 at
573 1585 681 1658 vm.
697 1587 957 1676 Aristagoras,
983 1579 1202 1655 Aristarchi
1219 1577 1298 1652 filii.

207 1768 321 1834 Suidas
344 1787 368 1834 s,
392 1789 419 1834 v.
438 1762 655 1855 Ἀρίσταρχος
674 1772 708 1850 I,
733 1775 749 1835 1
778 1791 808 1853 p.
832 1771 910 1836 717:
940 1807 981 1816 —
1013 1765 1070 1832 καὶ
1090 1764 1217 1841 παῖδας
1238 1759 1298 1847 μὲν

122 1875 298 1942 κατέλιπεν
315 1872 531 1965 Ἀρίσταρχον
552 1881 608 1947 καὶ
625 1874 872 1967 Ἀρισταγόραν,
896 1875 994 1967 hippo
1011 1878 1047 1944 δὲ
1063 1877 1208 1962 ἐγένοντο
1226 1868 1298 1962 εὐή-

120 1995 212 2069 θεις,
239 1984 319 2066 ὥςτε
344 1989 398 2056 καὶ
425 1989 558 2078 ἐπράθη
586 1989 603 2057 ὁ
632 1988 863 2079 Ἀρίσταρχος,
894 1985 1070 2077 Ἀθηναῖοι
1095 1987 1131 2054 δὲ
1157 1982 1299 2053 ἐλθόντα

122 2092 208 2185 παρ)
244 2096 356 2178 αὐτοῖς
378 2097 589 2191 ἐξωνήσαντο.
618 2105 675 2169 hos
703 2104 882 2170 Aristarchi
910 2103 992 2168 filios
1013 2105 1097 2167 inter
1126 2098 1298 2182 discipulos

122 2211 190 2276 eius
212 2211 321 2278 licebit
336 2212 466 2296 reterre,
488 2234 680 2297 quamquam
702 2217 746 2281 nil
767 2226 935 2298 praeterea
958 2217 997 2280 de
1021 2214 1067 2279 eis
1082 2212 1298 2295 proditum3).

604 2442 807 2450 ------

392 2631 460 2703 ΙΧ.
513 2631 756 2705 Ptolomaeus
782 2631 1017 2705 Ascalonita.

210 2813 425 2881 Ptolemaeum
448 2818 662 2883 Ascalonitam
685 2821 769 2884 inter
783 2818 963 2884 Aristarchi
979 2815 1151 2899 discipulos
1164 2813 1299 2894 Stepha-

122 2943 182 2988 nus
205 2921 420 3009 Bynrefert,
449 2931 533 3011 apud
557 2949 650 3010 quem
672 2950 696 2996 s.
717 2951 745 2997 v.
773 2923 948 2995 Ἀσκάλων
971 2931 1121 3012 leguntur
1142 2927 1234 2991 haec:
1259 2962 1300 2970 -

124 3033 243 3100 πολλοὶ
266 3035 303 3102 δὲ
326 3035 364 3119 ἐξ
381 3032 476 3126 αὐτῆς
499 3037 759 3127 κεχρημαιίκασι,
787 3037 965 3129 φιλόσοφοι
985 3039 1046 3126 μὲν
1059 3057 1125 3086 -·
1148 3059 1299 3123 γραμμα-

123 3145 208 3211 τικοὶ
237 3146 274 3213 δὲ
297 3149 508 3235 Πτολεμαῖος
537 3145 755 3239 Ἀριστάρχου
773 3149 934 3239 γνώριμος
949 3150 1005 3218 καὶ
1024 3146 1203 3236 Δωρόθεος
1227 3166 1234 3180 ·
1257 3186 1298 3194 -

124 3259 238 3324 Suidas
253 3280 313 3325 non
330 3263 390 3328 uisi
406 3262 485 3330 haec
501 3266 644 3331 exhibet:
667 3265 877 3349 Πτολεμαῖος
892 3260 910 3330 ὃ
928 3257 1179 3347 Ἀσκαλωνίτης,
1194 3281 1299 3345 γραμ-

125 3365 279 3452 ματικός,
311 3362 348 3449 ὃς
377 3369 567 3440 ἐπαίδευσεν
595 3374 629 3441 ἐν
657 3372 777 3465 Ῥώμῃ,
810 3378 882 3443 dein
906 3376 1025 3458 scripta
1046 3379 1184 3439 enarrat.
1220 3371 1301 3436 illud

123 3487 230 3546 autem
262 3502 358 3549 unum
391 3494 513 3552 certum
541 3489 581 3554 de
604 3489 664 3554 viri
686 3495 793 3555 aetate
816 3489 1032 3555 testimonium
1055 3483 1299 3552 addubitatione

212 3750 242 3823 1)
264 3749 430 3810 exhibitum
447 3751 611 3812 aFabricio
624 3751 676 3825 VI,
692 3773 720 3830 p.
740 3756 809 3826 194,
826 3752 964 3812 omissum
982 3747 1123 3809 Lersohio
1137 3746 1169 3804 in
1188 3744 1299 3821 glosso-

122 3851 302 3928 graphorum
323 3854 554 3927 enumeratione,
577 3856 627 3913 III
648 3875 676 3931 p.
700 3856 739 3914 67
762 3876 829 3935 sqq.

210 3953 241 4032 2)
264 3974 291 4014 v.
314 3955 430 4016 Fabric.
453 3958 502 4015 III
523 3977 553 4034 p.
578 3958 647 4016 807.
673 3963 742 4016 808.

210 4057 240 4134 3)
263 4057 386 4117 nimium
410 4061 535 4135 spondet
557 4061 702 4120 Matterus
723 4061 749 4134 I,
774 4061 848 4119 157:
881 4095 948 4134 „—
969 4065 1000 4120 et
1020 4061 1064 4120 les
1086 4060 1164 4117 deux
1186 4056 1233 4117 fils
1263 4057 1299 4115 da

123 4178 156 4218 oo
179 4160 316 4240 critique,
337 4160 509 4235 Aristagore
532 4168 562 4222 et
585 4162 767 4243 Aristarque,
791 4167 860 4223 sont
876 4160 1125 4239 ogalemontoitris
1148 4195 1189 4204 -
1211 4163 1298 4221 orado

123 4280 141 4320 a
162 4262 299 4324 Fabricio
321 4297 363 4306 --
385 4282 423 4322 au
445 4268 567 4324 nombre
590 4267 625 4324 da
648 4285 694 4326 ses
716 4269 930 4329 successeurs.“
951 4298 992 4310 —
1013 4285 1043 4324 v.
1058 4263 1256 4325 Graofonhan.
1277 4267 1298 4325 t.

121 4363 139 4423 Ι
160 4385 189 4443 p.
216 4370 285 4427 399.
