2866 4928
627 185 840 251 -Ῑῦ-

147 368 179 428 et
201 380 232 445 p.
247 360 327 427 339:
359 360 460 423 ταῦτα
483 353 695 440 [Apollodori]
720 347 751 417 δ)
768 349 823 434 οὐχ
838 349 990 439 ὁμολογεῖ
1005 359 1076 433 τοῖς
1095 352 1162 421 ὑπὸ
1177 354 1326 444 Σκηψίου
1419 386 1422 392 ·

147 467 335 559 Δημητρίου
364 465 563 553 λεγομένοις,
596 456 672 549 παρ’
705 457 741 530 οὗ
771 464 942 552 μεταφέρει
975 465 1015 532 τοὶ
1040 466 1190 532 πλεῖστα.
1220 507 1262 516 -
1293 471 1324 535 in

146 588 214 649 toto
245 587 352 648 autem
383 581 444 646 hoc
467 597 581 661 genere
609 577 795 659 plerumque
829 580 1022 645 consensisse
1045 598 1116 644 cum
1138 580 1325 647 Aristarcho

146 695 300 775 magistro
322 692 485 774 putandus
507 695 564 755 est
602 688 728 771 qualem
750 707 937 754 consensum
959 691 990 754 in
1014 691 1196 756 universum
1219 693 1326 773 prodit

146 804 252 871 Strah.
275 825 305 886 p.
329 802 387 870 31:
412 800 525 881 (refert
547 800 735 864 sententiam
756 799 951 882 Aristarchi)
974 805 1068 865 τοῦτο
1091 799 1128 864 δὲ
1151 792 1325 885 ἀγνοοῦντα

146 913 202 980 τδν
224 911 369 1000 ποιητὴν,
390 906 497 997 ὥςπερ
520 908 576 974 καὶ
597 907 638 974 τδ
661 903 754 990 dita,
778 907 840 976 ὅσα
862 907 987 998 ε’ίρηκεν
1006 907 1261 998 Ἀπολλόδωρος
1292 910 1326 977 ἐν

146 1025 193 1112 τῷ
218 1023 296 1108 περὶ
318 1029 396 1088 νεῶν
417 1018 597 1106 καταλόγου
619 1019 775 1106 δευτέρην,
807 1019 1086 1108 καταψεύσασθαι
1116 1025 1181 1088 τῶν
1211 1021 1326 1090 τόπων

147 1135 188 1200 τὰ
210 1134 255 1224 μυ)
275 1131 364 1203 ι’ίντα.
409 1157 437 1202 v.
461 1135 569 1200 Lehrs.
592 1137 647 1199 Ar.
669 1154 700 1215 p.
723 1133 785 1200 253
810 1153 878 1218 sqq.
900 1171 942 1180 —
965 1136 1005 1200 ab
1031 1136 1091 1200 hac
1106 1145 1214 1201 autem
1234 1143 1327 1218 parte

148 1249 284 1313 maxime
316 1247 448 1329 insignis
481 1266 577 1329 opera
611 1264 704 1326 quam
728 1247 902 1327 impendit,
936 1247 1012 1312 item
1047 1254 1082 1312 nt
1113 1249 1327 1329 Aristarchus

113 1426 115 1431 ⁴
148 1358 357 1442 homonymiis
379 1379 459 1442 quae
490 1367 566 1426 sunt
595 1359 682 1440 apud
705 1357 878 1422 Homerum
902 1359 1134 1438 distinguendis
1148 1364 1185 1436 ¹).
1230 1379 1325 1443 qnam

148 1469 262 1535 Strabo
284 1473 396 1537 laudat
418 1472 476 1536 hoc
499 1470 701 1553 potissimum
724 1468 791 1533 loco
813 1487 844 1548 p.
867 1469 929 1534 338
943 1468 991 1552 2);
1010 1461 1266 1556 Ἀπολλόδωρος
1290 1468 1327 1535 δὲ

146 1575 310 1646 διδάσκων
321 1574 357 1649 δν
366 1578 490 1667 τρόπον
502 1577 519 1646 ὃ
531 1578 667 1667 ποιητὴς
678 1573 779 1644 εἴωθε
792 1576 1045 1644 διαστέλλεσθαι
1056 1579 1116 1657 τοὶς
1128 1575 1324 1665 ὁμωνυμίας,

140 1680 216 1756 οἷον
238 1691 297 1759 έπί
319 1694 375 1758 τοῦ
394 1686 586 1780 Ὀρχομενοῦ
616 1689 673 1756 τδν
694 1690 754 1774 μέν
777 1683 975 1776 Ἀρκαδικδν
1000 1686 1186 1777 πολύμηλον
1208 1693 1326 1772 καλῶν,

145 1801 201 1868 τὸν
231 1803 268 1868 δέ
298 1802 503 1869 Βοιωτιακδν
537 1799 707 1881 Μινύειον,
746 1801 802 1867 καί
834 1797 945 1885 Σάμον
977 1799 1131 1888 Θρηικίην
1162 1800 1328 1880 συντιθείς

145 1910 314 2000 ιμεσσηγύς
336 1937 370 1978 τε
387 1910 513 1997 Σύμοιο
531 1911 587 1977 καί
599 1908 751 1998 Ἴμβρου)
774 1913 829 1977 ἵνα
842 1908 965 1998 χωρίση
982 1905 1051 1977 ἀπὸ
1068 1906 1218 2002 Ἰωνικης,
1241 1907 1326 1978 οὕτω

32 2085 35 2095 .
147 2023 228 2109 φησί
244 2023 299 2088 καὶ
314 2022 371 2112 τὴν
391 2021 626 2110 Θεσπρωτικὴν
639 2017 776 2109 Ἐφύραν
789 2022 1044 2107 διαστέλλεσθαι
1060 2026 1106 2110 τῷ
1121 2048 1155 2090 τε
1169 2021 1325 2111 (τηλόθεν

146 2132 203 2198 καί
231 2137 278 2221 τῷ
307 2138 468 2218 ιποταμοῦ
505 2127 574 2199 iimo
606 2130 816 2220 Σελλήεντος.
869 2135 1031 2217 Ephyram
1046 2139 1075 2214 ³)
1108 2138 1207 2218 igitur
1238 2138 1327 2201 cuius

149 2247 339 2314 mentionem
363 2246 441 2312 facit
462 2252 558 2328 poeta
586 2249 701 2328 0531,
724 2248 807 2328 quod
828 2265 888 2310 non
905 2266 976 2313 cum
991 2247 1153 2312 Demetrio
1176 2249 1328 2327 riliacum,

150 2359 206 2422 sed
222 2357 463 2440 Thesproticam
486 2377 554 2424 esse
577 2360 702 2436 statuit,
724 2357 902 2422 Aristarchi
921 2358 1112 2422 senteutiam
1126 2360 1327 2440 probavit⁴)‚

149 2487 243 2549 quam
266 2469 465 2535 Aristonicus
486 2472 619 2552 apponit
649 2471 690 2534 ad
714 2470 746 2534 h.
769 2488 812 2534 v.:
842 2463 860 2554 ν)
882 2467 983 2555 διπλῆ
1009 2461 1062 2533 ὅτι
1084 2470 1140 2556 τῆς
1166 2471 1326 2555 Θεσπρω-

148 2580 261 2667 τιακῆς
285 2574 423 2666 Ἐφύρας
444 2578 547 2664 λέγει,
579 2573 636 2646 οὐκ
658 2577 695 2643 ἐκ
727 2583 783 2666 της
806 2575 983 2664 Κορίνθου.
1021 2579 1119 2666 δῆλον
1141 2579 1178 2644 δὲ
1212 2579 1248 2644 έκ
1270 2582 1327 2646 τοῦ

151 2687 360 2778 Σελλήεντος,
392 2686 447 2778 ἀφ’
471 2682 509 2758 οὗ
530 2690 586 2757 καί
610 2688 724 2757 Σελλοί
746 2685 776 2754 oi
801 2685 964 2778 περίοικοι
986 2729 1038 2756 -.
1069 2691 1108 2757 cl.
1130 2694 1263 2758 eundem
1286 2695 1327 2757 ad

150 2805 181 2865 B
198 2803 269 2870 659.
315 2823 385 2869 cum
407 2805 593 2887 Apollodori
615 2810 723 2870 autem
745 2804 802 2868 illa
824 2804 864 2868 de
880 2803 1086 2868 Orchomenia
1108 2806 1194 2886 apud
1210 2805 1327 2869 Home·

150 2933 219 2979 rum
241 2914 487 3001 διεσταλμένοις
509 2917 670 2982 sententia
692 2913 915 2982 conferendum
938 2915 1132 2980 simillimum
1149 2917 1327 2981 Aristarchi

150 3026 313 3106 iudicium,
336 3028 468 3094 allatum
492 3029 532 3093 ab
556 3027 695 3093 Ariston.
739 3027 781 3091 ad
805 3029 835 3088 B
862 3026 922 3090 511
945 3018 1134 3109 Ὀρχομενὸν
1158 3021 1328 3090 Μινύειονε

148 3130 167 3221 η
197 3135 300 3225 διπλῆ
329 3135 378 3204 ὅτι
408 3138 464 3205 καὶ
494 3113 603 3223 δ’τερος
630 3130 820 3223 Ὀρχομενός
849 3135 937 3200 έστιν
962 3129 1168 3222 Ἀρκαδικός.
1212 3127 1280 3201 ἀλλ)
1312 3131 1330 3200 ὁ

150 3244 209 3329 μὲν
226 3248 430 3328 Βοιωτιακδς
448 3246 604 3326 Μινύειος
625 3248 783 3327 καλεῖται,
807 3244 825 3312 δ
848 3246 885 3312 δέ
913 3240 1110 3331 Ἀρκαδικὸς
1129 3242 1328 3333 πολύμηλος.

150 3354 206 3421 καί
236 3363 307 3436 τοῖς
329 3357 503 3438 ἐπιθέτοις
532 3359 754 3426 διαστέλλεται
778 3353 797 3446 η
819 3354 1037 3443 ὃμωνυμίαῡ).
1080 3376 1175 3440 porro
1199 3360 1327 3441 Apollo-
1397 3410 1399 3414 Α

151 3471 246 3536 dorus
269 3457 452 3538 Oechaliam
483 3493 578 3538 unam
609 3474 694 3553 apud
718 3471 891 3536 Homerum
914 3469 1129 3535 Thessalicam
1159 3473 1329 3536 memorari

238 3646 267 3722 l)
289 3651 382 3705 totum
396 3648 475 3725 quod
488 3667 580 3722 genua
591 3647 721 3704 illustrat
734 3648 768 3703 A.
780 3643 960 3718 Schimberg,
974 3643 1117 3702 Analecta
1128 3645 1325 3716 Aristarchea,

115 3782 117 3787 ,
149 3747 218 3806 diss.
249 3748 348 3822 inaug.
381 3749 596 3826 Gryphiawald.
632 3751 726 3819 1878,
757 3747 808 3805 uhi
840 3748 874 3804 de
906 3746 1086 3822 Apollodoro
1117 3747 1236 3824 proprie
1266 3747 1332 3832 agit

148 3870 177 3926 p.
202 3855 336 3909 la—aa.

235 3954 267 4030 2)
289 3973 318 4012 v.
341 3953 514 4028 Schimbcrg
536 3955 554 4011 l.
577 3954 597 4011 l.
620 3974 648 4029 p.
677 3957 722 4011 19.

236 4055 267 4130 3)
291 4056 326 4112 de
350 4056 479 4132 Ephyria
501 4055 673 4130 Schimherg
695 4076 723 4131 p.
748 4060 845 4127 3-8,
869 4053 977 4130 partim
999 4060 1147 4112 correctus
1170 4073 1187 4111 a
1210 4053 1326 4112 Gaedeo

148 4178 177 4234 p.
201 4164 229 4217 6.
254 4160 283 4217 7.

235 4261 267 4338 4)
290 4261 394 4322 Lehrs.
417 4264 468 4319 Ar.
492 4280 520 4336 p.
541 4267 611 4319 236.

235 4363 267 4442 5)
289 4363 462 4438 Schimberg
484 4384 513 4440 p.
540 4368 588 4424 12.
611 4368 661 4423 20.
