2866 4928
604 134 899 252 -14-4'

123 350 151 397 v.
186 331 243 395 21:
277 325 515 408 συνεσχολακιῠς
537 315 581 389 ’δὲ
616 322 720 390 πολὺν
752 317 957 410 Ἀριστάρχῳ
990 319 1114 408 χρόνον.
1158 323 1247 388 nobis
1280 341 1298 386 e

124 441 221 507 variis
243 440 338 504 huius
359 439 419 506 viri
441 438 558 503 studiis
573 455 677 517 pauca
692 438 772 501 satis
790 436 852 501 erit
866 437 1034 518 stringere,
1056 453 1138 516 quae
1161 434 1202 499 ad
1225 434 1298 496 doc-

86 599 91 616 .
124 552 240 617 trinam
262 550 499 616 Aristarcheam
522 547 693 628 pertinent.
731 552 827 628 atque
849 545 993 627 inprimis
1015 544 1222 626 attingendae
1243 542 1299 609 ob-

126 663 319 728 servationes
349 661 435 726 iilius
464 661 505 724 ad
538 658 765 723 homerieorum
799 659 973 722 carminum
996 675 1047 720 res
1069 655 1299 736 geographicas

124 780 157 839 et
179 770 445 855 chorographicas
468 775 657 851 spectantes,
680 787 759 851 quas
781 769 950 849 protulisse
973 786 1044 832 eum
1067 773 1177 830 notum
1196 773 1245 830 est
1268 765 1298 828 in

125 883 351 949 commentario
373 881 427 946 illo
450 899 543 963 quem
560 879 736 960 composuit
759 877 837 964 περὶ
859 882 937 942 νεῶν
957 874 1138 960 καταλόγου
1152 877 1181 959 ¹)
1205 876 1302 941 libro·

125 1014 195 1060 rum
217 994 295 1070 ΧΙΙ,
324 992 496 1074 plurimum
520 988 573 1053 illo
596 1009 615 1053 a
638 989 793 1055 Strabone
817 984 1022 1074 usurpat02).
1065 991 1096 1054 in
1119 988 1301 1054 universum

125 1107 227 1188 igitur.
238 1103 448 1186 Apollodorus
470 1103 508 1166 de
524 1102 574 1166 his
589 1101 683 1166 rebus
698 1118 789 1164 suurn
811 1100 887 1166 iecit
902 1101 1124 1167 Eratosthenis
1139 1099 1301 1178 iudicium,

124 1235 186 1297 quo
208 1216 380 1280 Homerum
404 1233 475 1278 cum
498 1220 592 1278 antea
621 1212 834 1293 quarumlibet
856 1231 961 1276 rerum
989 1212 1196 1293 perhiberent
1218 1211 1300 1292 peri·

127 1336 212 1403 tum,
243 1325 344 1390 muita
372 1325 440 1406 ipse
470 1325 591 1389 nescire
622 1343 693 1387 cum
723 1323 777 1387 illo
809 1323 927 1403 optime
960 1323 1093 1404 vidit3).
1136 1342 1164 1385 v.
1197 1321 1302 1386 Strab.

126 1458 157 1519 p.
180 1437 242 1502 298
266 1424 287 1499 b
309 1431 340 1498 δ’
361 1427 615 1519 Ἀπολλόδωρος
639 1432 672 1497 ἐν
695 1432 740 1517 τῷ
762 1429 900 1517 δευτέρῳ
924 1429 1000 1518 περί
1023 1433 1101 1497 νεῶν
1124 1454 1302 1517 προοιμια-

129 1544 262 1632 ζόμενος
292 1539 416 1631 εἴρηκεν
445 1540 560 1631 ἣκιστα
590 1536 702 1628 λέγοιτ’
736 1540 784 1608 dv.
815 1543 944 1609 ἐπαινεῖ
975 1543 1036 1630 γὰρ
1054 1537 1304 1629 Ἐρατοσθένους

129 1653 310 1744 οἷπόῳασιν,
334 1654 384 1720 ὅτι
407 1654 504 1742 φησίν
527 1653 648 1731 ἐκεῖνος
670 1652 726 1719 καί
746 1651 890 1740 Ὅμηρον
912 1653 968 1720 καὶ
990 1654 1066 1731 τούς
1089 1651 1206 1730 ἄλλους
1229 1653 1305 1731 τοὺς

130 1766 291 1844 παλαιοὺς
313 1765 352 1831 τοὶ
374 1765 434 1851 μὲν
450 1762 615 1851 Ἑλληνικὰ
635 1761 773 1844 εἰδέναι,
797 1770 860 1829 τῶν
882 1765 918 1829 δὲ
940 1762 1055 1852 πόρρω
1078 1764 1201 1854 πολλὴν
1223 1761 1306 1845 ἔχειν

129 1874 299 1965 ἀπειρίαν,
329 1871 484 1963 ἀπείρους
512 1876 572 1961 μὲν
601 1880 733 1961 μακρῶν
760 1871 844 1941 ὁδῶν
872 1869 967 1954 ὄντας
995 1870 1150 1962 ἀπείρους
1180 1875 1217 1940 δὲ
1249 1876 1305 1940 τοῐ·

130 1987 369 2057 ναυτίλλεσθαι.
394 1992 572 2074 συνηγορῶν
594 1986 631 2053 δὲ
652 1983 778 2064 τούτοις
797 1983 860 2052 ari.
874 1989 905 2072 4)
932 1989 969 2053 cf.
994 1989 1206 2069 Sengebusch.
1222 1987 1305 2053 hom.

131 2106 206 2168 diss.
236 2122 283 2183 pr.
313 2121 343 2182 p.
365 2101 425 2165 43:
459 2101 700 2179 „Eratosthenis
729 2119 802 2165 vero
833 2101 1039 2177 sententiam,
1068 2099 1122 2181 qui
1154 2100 1231 2182 quid
1260 2100 1306 2162 rei

65 2214 69 2223 “
131 2222 215 2282 esset
237 2213 398 2294 ingeniose
421 2212 536 2289 docuit,
560 2210 651 2275 multi
673 2210 802 2293 quidem
825 2211 1101 2293 impugnaverunt,
1124 2217 1159 2275 ut
1181 2210 1305 2289 Strabo,

132 2325 333 2391 doctissimus
356 2329 460 2386 tamen
485 2324 618 2403 quisque
641 2340 730 2386 suam
753 2320 837 2387 fecit.
882 2322 933 2385 lta
954 2323 1056 2402 egisse
1081 2322 1303 2403 Apollodorum

133 2435 312 2502 Aristarchi
328 2433 532 2514 discipulum
574 2432 686 2497 Strabo
721 2432 891 2514 patefacit3
927 2433 1146 2499 Aristarchum
1184 2451 1308 2515 quoque

133 2551 236 2630 ipsum
261 2548 291 2610 in
315 2544 537 2610 Eratosthenis
552 2545 734 2608 discessisse
749 2551 858 2625 partes
874 2544 993 2610 scholia
1016 2543 1141 2609 abunde
1164 2546 1308 2609 docent“.

132 2695 173 2705 -
197 2658 299 2723 eidem
322 2657 353 2721 in
377 2654 485 2719 multis
508 2653 602 2718 rebus
624 2655 820 2720 Demetrium
844 2656 1006 2736 Scepsium
1028 2654 1126 2720 fuisse
1148 2661 1306 2719 auctorem

135 2760 250 2834 Strabo
272 2766 385 2844 refert;
408 2785 435 2829 u.
459 2784 488 2845 p.
504 2764 561 2828 45:
595 2757 664 2829 οὐδ’
684 2760 702 2830 b
720 2761 868 2852 Σκήψιος
890 2765 926 2829 dd
949 2762 1134 2854 Δημήτριος
1156 2756 1199 2845 οὗ,
1222 2757 1307 2829 ἄλλα

133 2877 189 2944 καί
204 2881 250 2964 τῷ
263 2869 506 2959 Ἀπολλοδώρῳ
522 2877 585 2940 τῶν
602 2872 768 2963 ἁμαρτιῶν
784 2874 876 2941 ἐνίων
891 2872 997 2954 α’ίτιος
1014 2876 1137 2952 ἐκεῖνος
1152 2873 1308 2963 sordeam

223 3087 252 3164 1)
277 3085 410 3144 Eustath.
436 3085 468 3142 Il.
492 3103 520 3160 p.
545 3089 615 3157 263,
640 3089 689 3142 36.
1300 3126 1303 3132 .

184 3213 190 3227 ¹
223 3189 253 3266 2)
276 3210 304 3247 v.
327 3188 429 3245 Lehrs.
453 3193 503 3246 Ar.
526 3207 553 3262 p.
579 3192 649 3245 250.
683 3189 755 3246 Ben.
778 3188 883 3260 Nisae,
915 3187 1101 3264 ‘Apollodors
1131 3194 1310 3246 commentar

136 3312 202 3350 aum
233 3291 465 3364 schiffsoataioge
496 3291 539 3348 als
570 3291 667 3369 quelle
693 3290 823 3348 Strabos'
850 3291 881 3347 iu
906 3292 980 3350 Mus.
1004 3292 1100 3352 Rhea.
1131 3296 1152 3350 t.
1183 3290 1308 3348 XXXII

135 3414 164 3470 p.
188 3393 364 3452 aot-307.

224 3495 254 3573 3)
282 3496 352 3555 talis
380 3496 483 3574 quanti
523 3496 562 3554 sit
590 3496 620 3554 in
651 3496 850 3571 intellegendo
879 3515 1052 3572 progressus
1083 3502 1189 3573 sponte
1218 3503 1308 3572 patet.

138 3600 216 3678 quod
240 3599 317 3656 enirn
340 3599 475 3656 homiues
498 3599 540 3655 eis
563 3617 636 3676 quos
654 3604 685 3655 et
698 3598 755 3673 ipsi
772 3582 982 3657 adamaverunt
996 3607 1027 3658 et
1041 3599 1180 3664 admirari¹
1202 3601 1310 3676 pieque

137 3701 233 3759 colere
264 3719 282 3757 a
304 3700 462 3758 maioribus
486 3700 665 3771 didicerunt,
697 3700 845 3778 quaslibet
866 3703 1011 3776 perfectas
1032 3703 1158 3762 virtutes
1180 3701 1311 3760 tribuere

137 3802 234 3862 solent
254 3808 344 3881 atque
367 3803 570 3860 auctoritatem
592 3821 686 3879 paene
708 3804 888 3862 absolutam:
916 3804 965 3862 hic
994 3804 1144 3862 sollemnis
1166 3805 1310 3862 humanae

138 3911 260 3964 naturae
282 3905 388 3962 insitus
411 3923 492 3962 error
515 3924 610 3982 neque
633 3905 658 3962 is
681 3924 697 3962 a
719 3910 820 3964 nostra
841 3911 937 3964 aetate
953 3906 1073 3965 alienus.
1105 3907 1214 3985 quippe
1231 3907 1310 3963 iente

139 4027 172 4066 aa
202 4025 266 4064 sero
300 4006 383 4064 crisis
412 4007 599 4066 subnascitur
628 4015 717 4085 atqua
747 4027 782 4065 ea
807 4009 956 4067 iudicandi
978 4009 1114 4081 libertos,
1144 4029 1203 4087 qua
1236 4027 1311 4088 quae

139 4109 276 4186 propriae
299 4110 404 4187 auique
427 4109 488 4166 sint
508 4109 641 4180 virtutes,
666 4128 740 4186 quae
764 4111 867 4182 desint,
892 4111 1030 4170 distincte
1045 4129 1220 4186 pernoscere
1243 4131 1310 4187 pos·

140 4212 239 4283 simus,
263 4212 399 4268 omnibus
422 4217 555 4270 nostrum
577 4211 717 4268 adhibere
739 4211 880 4271 iudicium
903 4215 1069 4273 audeamus.
1348 4189 1349 4196 ί

227 4311 259 4394 4)
281 4333 311 4374 v.
336 4314 439 4372 Lehrs.
462 4316 512 4372 Ar.
535 4334 566 4391 p.
589 4317 650 4371 252
674 4333 739 4395 sqq.
