2866 4928
436 216 778 285 ’-33-

82 386 192 472 πάλιν,
216 385 347 475 ἅγγελος
370 395 409 456 Λ
431 390 503 458 652.
540 385 709 476 θεράπων,
733 386 785 466 ἐῢς
807 395 838 454 Ν
860 388 932 454 246.
977 383 1045 469 ἔπι,
1068 384 1149 476 φρίξ
1172 394 1212 454 Η
1222 391 1264 457 63

83 502 136 588 (cf.
152 504 291 568 Ariston.
314 505 356 568 ad
379 505 417 565 H
429 502 500 583 64);
523 506 692 591 praeterea
713 520 784 566 cum
806 500 862 566 illo
883 501 962 585 legit
985 496 1145 588 τρίγληνα,
1168 496 1267 587 μορό-

82 607 158 678 εντα
181 613 303 686 Ξ183.
346 614 414 701 κῆρ,
445 606 636 679 ἀπινύσσων
670 615 697 678 O
729 615 778 679 10.
821 615 911 699 μῆρε,
942 606 1005 699 κοῖη
1027 617 1067 677 Α
1088 613 1152 679 464
1180 620 1213 680 ct
1235 618 1267 677 B

83 727 145 791 427
158 730 189 809 1)
213 726 342 813 (μηραῖ
364 744 393 790 v.
409 727 456 790 La
471 726 509 791 R.
533 726 564 790 in
588 725 638 791 ed.
661 724 731 789 crit.
755 728 788 790 et
809 725 851 788 H.
867 725 902 789 Τ.
918 725 1003 803 424).
1041 730 1151 790 contra
1167 726 1269 790 nostri

82 859 102 904 a
124 838 278 920 magistro
308 837 470 902 dissensus
498 841 628 903 notatur
657 836 699 902 ad
728 835 829 900 1236
852 832 908 918 (ἐν,
941 832 1035 916 δέξια
1057 834 1266 919 accipientis).

84 954 118 1014 K
141 948 214 1014 246.
238 951 271 1014 A
299 948 362 1013 539
385 947 437 1030 (oi.
459 947 577 1013 Friedl.
599 947 738 1012 Ariston.
764 948 804 1028 7).
854 949 887 1010 Ψ
905 947 978 1013 337.
1002 951 1032 1012 P
1047 947 1121 1012 465.
1152 946 1172 1011 λ
1193 946 1255 1012 597
1261 999 1268 1013 .

83 1059 303 1141 6666656661)
335 1059 432 1142 legit:
461 1059 559 1127 schol.
594 1063 623 1122 Y
639 1060 713 1138 357,
744 1058 782 1124 61.
807 1058 827 1123 6
850 1058 912 1126 665
941 1065 982 1139 (v.
1005 1060 1052 1125 La
1073 1059 1173 1124 Roch.
1196 1059 1269 1125 362.

85 1172 195 1237 Lehrs.
225 1189 277 1252 qu.
307 1190 377 1253 epp.
407 1171 490 1252 133).
512 1208 554 1218 -
576 1176 745 1252 praeterea
776 1171 817 1236 ad
848 1170 882 1236 id
913 1190 1013 1253 genus
1040 1170 1203 1252 pertinent
1233 1172 1268 1236 hi

85 1283 163 1348 loci:
186 1283 282 1348 schol.
304 1289 335 1347 Z
353 1282 426 1349 465.
449 1283 521 1350 319.
544 1285 585 1346 Η
604 1282 662 1347 177
687 1281 735 1359 (cl.
761 1282 871 1348 Nicon.
894 1283 938 1347 ad
959 1282 1083 1363 F318).
1106 1286 1127 1345 Ι
1146 1285 1173 1348 7.
1197 1282 1271 1347 321.

86 1398 121 1458 K
143 1392 195 1459 25.
218 1400 257 1460 A
278 1393 350 1460 395.
375 1395 438 1460 754
460 1392 512 1473 (cf.
543 1392 654 1458 Lehrs.
688 1396 742 1458 Ar.
767 1393 850 1473 155).
895 1397 939 1458 Μ
965 1394 1038 1459 297.
1077 1393 1198 1462 0309.
1233 1398 1273 1459 Π

91 1506 162 1571 697.
211 1504 262 1584 (61.
286 1506 395 1571 Lehrs.
419 1524 470 1588 qu.
494 1523 566 1586 epp.
590 1505 652 1583 42).
676 1509 706 1569 Ρ
724 1505 794 1570 174.
827 1505 1083 1585 2584116166.
1105 1506 1160 1571 Ar.
1184 1506 1268 1584 321).

91 1618 189 1681 Τ90.
219 1618 337 1684 1390.
365 1616 540 1681 1113190
563 1617 635 1681 213.
660 1614 678 1678 i
701 1616 773 1682 134.
797 1616 919 1684 asoa.
942 1639 961 1701 ρ
984 1617 1056 1681 231.

170 1729 234 1793 iam
264 1734 439 1809 sequantur
471 1746 554 1810 quae
583 1729 625 1793 ad
657 1727 883 1810 aspirationem
916 1732 1072 1810 spectant.
1095 1745 1166 1793 cnm
1199 1729 1272 1793 Ari·

85 1840 216 1906 stareho
238 1838 442 1905 Ptolemaeus
472 1838 595 1921 profert
624 1833 743 1922 ἄμυδις
775 1843 796 1902 Ι
823 1840 843 1905 6
873 1838 927 1921 (ci.
958 1839 1068 1905 Lehrs.
1101 1840 1155 1904 Ar.
1186 1840 1273 1921 346),

86 1951 191 2015 crasin
226 1951 349 2032 respuit
383 1945 482 2025 ἄλλος
517 1955 557 2015 Λ
585 1949 664 2029 636;
702 1950 869 2016 discedens
906 1949 946 2016 ab
979 1969 1032 2031 eo,
1070 1955 1106 2015 ut
1136 1951 1272 2034 videtur,

81 2055 233 2136 Ἐλεῶνος
260 2059 330 2125 vult
358 2059 533 2126 incolarum
565 2079 739 2127 sermonem
776 2067 904 2128 secutus
935 2067 969 2126 K
997 2062 1069 2141 226,
1100 2060 1139 2126 cf.
1156 2043 1273 2128 'Lehrs

87 2175 141 2237 Ar.
169 2171 242 2235 272.
296 2170 369 2237 6616
401 2170 513 2238 scribit
542 2165 616 2256 ἔνης
647 2177 678 2235 Ζ
705 2173 768 2239 239
780 2174 809 2253 ⁸)
847 2174 899 2251 (de
935 2172 1023 2239 cuins
1053 2171 1168 2254 spiritu
1199 2174 1273 2239 Ari-

89 2283 236 2348 starchus
269 2281 347 2347 nihil
378 2288 601 2365 praeceperat,
641 2302 671 2348 v.
698 2283 808 2350 Lehrs.
849 2284 905 2349 Ar.
935 2283 1023 2365 345).
1075 2276 1162 2347 ἅσσα
1192 2282 1274 2367 (tum

91 2413 215 2478 quoque
254 2413 323 2460 cnm
364 2412 492 2477 aspero,
529 2394 558 2460 si
589 2413 716 2461 sensum
752 2395 850 2462 habet
880 2389 968 2477 τινά)
1000 2399 1040 2458 Α
1070 2393 1144 2458 554.
1196 2387 1272 2460 ὀλο-

90 2500 238 2590 οίτροχος
267 2512 303 2570 Ν
328 2505 386 2570 137
418 2504 471 2588 (cf.
501 2506 551 2571 nt.
580 2507 623 2573 M.
655 2508 727 2588 622,
759 2506 825 2591 39).
875 2499 1024 2592 ὄρπηκας
1056 2511 1087 2570 d)
1115 2506 1156 2571 38
1189 2510 1272 2588 (666

89 2616 256 2699 paradosi,
288 2617 399 2682 sedin
423 2617 538 2699 Odyss.
571 2619 720 2699 prosodia
750 2614 899 2704 ὄρπηκας
920 2618 1097 2704 docuerat).
1140 2613 1275 2702 Ιαμενόν

92 2728 181 2792 vario
203 2728 318 2810 spiritu
345 2747 403 2811 pro
433 2729 531 2795 variis
563 2729 849 2812 significationibus
870 2729 941 2794 vult
963 2728 1114 2812 proferri,
1137 2734 1182 2794 M
1201 2730 1273 2796 193.

90 2839 173 2904 idem
190 2841 275 2905 inter
289 2835 398 2905 ἁλύεαν
413 2845 447 2906 et
469 2832 578 2905 ἀλύειν
592 2842 748 2922 distinxit,
770 2840 921 2907 Eustath.
943 2839 1017 2922 555,
1032 2841 1084 2921 20,
1108 2839 1146 2906 61.
1161 2840 1273 2906 Lehrs.

92 2953 146 3016 Ar.
168 2950 240 3019 330.
264 2989 303 2998 -
326 2952 470 3035 regulam
493 2953 580 3018 illam
604 2971 667 3035 qua
689 2953 859 3019 ‘adiectiva
882 2952 1074 3034 composita,
1096 2952 1125 3017 si
1147 2952 1274 3034 quidem

91 3062 194 3128 altera
225 3083 301 3146 pars
330 3083 442 3146 aspere
471 3063 650 3146 profertur,
682 3064 909 3146 aspirationem
932 3063 1134 3130 -retinere
1156 3064 1276 3129 -sed

91 3174 117 3238 si
148 3176 260 3241 eadem
282 3176 438 3243 adiectiva
463 3176 495 3241 in
517 3175 645 3241 nomina
666 3176 796 3258 propria
818 3175 973 3257 abierint,
1003 3173 1139 3241 abicere’
1162 3177 1277 3241 docent

153 3510 156 3515 «
182 3467 212 3544 l)
233 3464 283 3526 ἵνα
307 3462 469 3544 ἰακοὶτερον
492 3465 644 3545 ἔκδέξητοκ
666 3463 698 3530 tri
722 3462 790 3545 κάη.
836 3474 941 3530 contro
962 3468 1083 3529 aeolicis
1105 3467 1210 3528 formis
1233 3467 1277 3528 vi-

96 3570 182 3629 detur
203 3588 265 3628 666
287 3571 361 3629 adeo
383 3577 486 3631 nostor
508 3573 637 3643 iuvisse;
666 3573 783 3650 respuit
804 3572 884 3633 enim
907 3564 1089 3648 οἷκαχηοθαι,
1113 3561 1278 3644 α’λαλησθαι

97 3671 265 3732 infinitio-os
280 3679 539 3751 proparoxytonos
562 3666 625 3751 (οἷς
640 3673 786 3752 Αἰολικῆς
808 3676 861 3750 τῆς
875 3673 995 3743 κλίσεως
1021 3665 1149 3751 odom:
1172 3669 1278 3731 6806.

96 3798 116 3852 μ
140 3781 212 3834 234.
246 3779 276 3834 et
306 3776 343 3835 ad
375 3776 404 3832 E
427 3781 487 3834 299
518 3767 585 3834 οἷλκί
616 3777 717 3839 dativo
741 3777 958 3839 nominativum
981 3771 1185 3848 67ξ16661766
1208 3776 1276 3835 sub·

97 3878 236 3952 stituisse,
266 3883 395 3938 testante
424 3878 600 3956 Tryphone,
632 3872 679 3938 du
709 3872 896 3960 Ἀρίσταρχος
917 3873 1008 3958 λέγει,
1039 3871 1085 3937 ὅτι
1115 3874 1188 3946 ἔθος
1217 3879 1279 3946 τοῖς

98 3979 255 4039 Αἰολεῦοίν
285 3976 458 4059 ἐπιλέγειν
485 3975 540 4056 τήν
568 3974 661 4058 imario
692 3980 766 4043 ἰῶκα
796 3978 847 4058 καὶ
878 3975 930 4057 τὴν
961 3973 1073 4060 κρόκην
1103 3972 1198 4060 κρόκα
1227 3974 1279 4039 καὶ

96 4077 150 4160 τὴν
172 4077 264 4159 ciderio
287 4077 361 4142 droa
383 4074 424 4153 οὖς
446 4079 551 4161 σάρκα.

185 4186 216 4265 2)
239 4187 377 4247 similiter
399 4187 552 4264 Tyrannio
576 4181 723 4266 τοσοόςγε,
746 4186 839 4247 schol.
862 4181 890 4251 Ξ
910 4190 980 4245 396.

183 4295 217 4366 3)
239 4291 291 4350 ubi
315 4292 402 4349 docet
415 4290 562 4352 vocabula
582 4310 600 4350 a
622 4285 834 4366 δασυνομένοις
855 4306 1008 4367 syncopen
1030 4286 1126 4365 passis
1149 4286 1278 4347 oriunda

97 4389 236 4470 ψιλωτέα.

1088 4491 1115 4540 'd
