2866 4928
606 178 814 242 -18-

125 343 156 413 oi
179 339 247 412 ἀπὸ
269 341 504 434 Πινδαρίωνος.
549 339 721 429 ἀναλογία,
751 334 868 433 φασίν,
892 340 1160 432 ὁμολογουμένως
1183 347 1219 413 ἐκ
1242 352 1300 440 τῆς

124 453 297 544 συνηθείας
319 452 477 542 ὁρμᾶται·
500 452 571 522 ἔστι
589 454 650 541 γὰρ
666 451 779 541 ὁμοίου
798 479 833 521 τε
849 453 906 521 καὶ
928 449 1081 541 ἀνομοίου
1102 455 1237 547 θεωρία,
1260 459 1298 525 τδ

124 568 161 633 δὲ
184 563 298 653 ὅμοιον
312 566 368 633 καί
383 561 535 662 ἀνόμοιον
558 564 594 631 ἀι
608 571 664 655 τῆς
685 564 962 653 δεδοκιμασμένος
979 563 1179 651 λαμβάνεται
1201 591 1297 655 σννη-

93 763 96 775 .
122 675 228 759 θείας,
245 676 502 764 δεδοκιμασμένη
518 676 554 742 δὲ
570 674 625 742 καί
643 670 837 765 ἀρχαιοτάτη
853 674 941 742 ἐστὶν
957 671 1124 766 ἣὉμήρου
1139 676 1273 766 ποίησις
1289 702 1297 717 ·

123 785 249 875 ποίημα
259 787 319 877 γὰρ
335 783 426 856 οὐδὲν
442 784 663 877 πρεσβύτερον
679 780 752 878 ἧκεν
763 785 812 865 είς
828 783 912 875 ἡμᾶς
926 790 983 874 τῆς
998 784 1118 854 ἐκείνου
1134 787 1297 879 ποιήσεως

124 901 177 983 (cf.
205 901 241 967 L.
272 900 476 983 Lerschium,
508 900 567 966 Die
597 900 919 983 Sprachphilosophie
950 901 1008 967 der
1039 901 1152 980 Aiten,
1173 903 1206 982 Ι,
1229 903 1294 987 75),

122 1022 230 1079 censet
252 1011 504 1078 Graeienhanius
528 1012 574 1093 (Ι,
596 1011 660 1076 432
683 1030 713 1076 n.
735 1013 807 1096 28);
836 1031 874 1078 ac
896 1012 965 1077 iure
988 1012 1133 1095 quidem,
1156 1015 1293 1096 quando-

122 1124 249 1203 quidem
272 1123 455 1205 saepissime
476 1122 679 1205 grammatici
700 1123 775 1188 solis
792 1123 1029 1205 cognominibus
1043 1124 1253 1189 nominantur.
1265 1127 1295 1208 ¹)

122 1252 279 1317 —porro
301 1252 362 1299 non
385 1235 548 1302 diversum
571 1254 591 1299 a
613 1233 802 1299 Pindarione
817 1232 1073 1300 Graeienhanins
1095 1241 1190 1317 putat
1212 1236 1246 1318 (l.
1262 1236 1296 1318 i.)

122 1364 159 1411 ac
190 1351 261 1426 post
291 1364 362 1411 eum
384 1346 564 1412 Beccardus
586 1345 803 1411 Ptolemaeum
832 1343 921 1410 illum
953 1363 1045 1427 quem
1069 1336 1299 1432 ἀναλομητικόν

87 1472 88 1477 ’
122 1455 307 1536 Apollonius
337 1456 494 1541 vocam),
526 1456 628 1521 Bekk.
658 1457 719 1521 An.
749 1456 781 1519 ΙΙ
813 1454 894 1538 508,
925 1457 1060 1522 laudans
1082 1458 1115 1521 in
1138 1457 1298 1538 scriptura

122 1557 222 1655 υῦταρ
245 1567 299 1652 (ci.
321 1567 418 1633 schol.
441 1573 471 1632 Γ
491 1566 539 1652 1);
561 1586 642 1649 quae
664 1567 844 1632 coniectura
859 1567 947 1633 haud
962 1567 1180 1649 improbabilis
1196 1569 1296 1652 est³).

121 1681 175 1745 sed
199 1680 268 1745 iurc
289 1679 469 1744 Beccardus
492 1677 687 1760 vituperavit
702 1677 980 1760 Graefenhanium,
1003 1679 1088 1760 quod
1110 1679 1205 1744 etiam
1222 1678 1297 1744 Pto-

120 1789 275 1856 lemaeum
298 1790 469 1856 Aristonici
490 1799 614 1871 patrem
628 1791 677 1872 ⁴),
708 1789 748 1854 de
771 1806 832 1869 quo
855 1788 988 1868 Suidas,
1010 1807 1081 1854 cum
1104 1789 1298 1855 Pindarione

121 1899 281 1983 confudit,
312 1900 473 1968 credulum
502 1899 557 1965 ille
585 1908 698 1966 nactus
720 1906 950 1966 assentatorem
985 1899 1215 1982 Bartholdum,
1247 1901 1296 1966 De

120 2012 231 2093 Eorip.
255 2012 365 2092 scholi.
386 2011 480 2078 fontt.
502 2030 535 2093 p.
550 2013 571 2077 2
586 2031 616 2077 n.
653 2012 744 2077 illum
766 2011 849 2078 enim
872 2031 943 2077 cum
967 2018 999 2078 et
1016 2011 1131 2078 Suidas
1146 2019 1179 2077 et
1194 2012 1295 2077 Hero-

120 2124 234 2191 dianus
257 2123 369 2206 (schol.
392 2126 425 2188 Δ
438 2124 517 2206 423)
540 2132 683 2190 anostra
701 2124 880 2204 seiungunt,
902 2142 974 2189 cum
996 2123 1130 2190 hocnon
1146 2124 1295 2204 estquod

119 2255 176 2302 nos
197 2241 345 2318 putemus
367 2236 552 2318 eundem⁶).

209 2514 239 2593 1)
262 2507 441 2572 ‘Pindarico'
464 2511 638 2588 simpliciter
660 2511 779 2583 dicunt,
810 2515 844 2571 ut
873 2527 1028 2587 segregare
1056 2529 1123 2569 oum
1154 2513 1293 2570 anostra

120 2613 293 2688 rideantur,
326 2614 438 2674 Lersch
466 2614 488 2673 1.
519 2614 538 2672 i.
561 2613 709 2674 Steinthal
739 2634 768 2691 p.
792 2615 863 2673 517.
888 2619 958 2677 520.
984 2619 1059 2686 521;
1087 2613 1165 2693 quod
1186 2630 1295 2670 nomen

121 2737 266 2798 nusquam
298 2726 440 2797 quantum
471 2716 531 2777 scio
561 2716 633 2776 alibi
665 2716 782 2792 legitur.
828 2724 957 2776 ceterum
980 2714 1188 2775 Graefenhanii
1210 2716 1297 2775 istam

122 2819 291 2896 opinionem
322 2838 454 2895 pugnero
489 2819 575 2880 video
612 2839 678 2879 cum
711 2824 877 2894 temporum
916 2823 1054 2893 computo
1087 2817 1140 2894 qui
1169 2817 1298 2876 efficitur

121 2916 290 2982 steinthalii
312 2922 431 2997 egregia
453 2922 489 2980 de
511 2920 711 2996 analogisticis
733 2917 948 2995 disputation03
980 2936 1068 2996 quam
1091 2918 1115 2977 si
1137 2919 1297 2996 sequimur,

120 3026 202 3084 hunc
216 3025 434 3084 <Pindarionem
456 3025 545 3085 aetati
568 3022 825 3100 grammaticorum
846 3021 883 3079 ab
906 3019 1077 3080 Aristarcho
1094 3021 1296 3095 proximorum

121 3128 284 3187 attribuero
305 3128 359 3189 vix
381 3147 544 3203 possumus.
574 3127 625 3187 sud
648 3123 772 3200 singulis
794 3142 865 3182 num
887 3122 976 3181 liccat
996 3126 1056 3180 tam
1080 3127 1192 3181 certum
1214 3123 1297 3182 adhi-

121 3230 185 3290 beri
205 3229 347 3289 iudicium
370 3230 481 3290 dubito.
505 3264 547 3273 —
570 3230 696 3289 eundem
718 3243 887 3303 comparere
909 3222 1046 3301 opinatus
1069 3229 1114 3282 est
1129 3223 1297 3283 Boockhius
1369 3221 1376 3229 ’

121 3332 171 3412 (ad
192 3333 295 3410 fragm.
318 3333 404 3392 Pind.
426 3353 454 3410 p.
480 3332 554 3410 655)
585 3332 663 3410 apud
686 3330 778 3390 schol.
800 3326 938 3405 Dionysii
958 3326 1082 3400 Thrac,
1113 3327 1208 3386 Bekk.
1238 3330 1295 3386 An.

120 3435 153 3494 ΙΙ
175 3456 203 3513 p.
228 3437 303 3510 too,
336 3441 392 3509 26,
422 3441 549 3512 negante
582 3434 733 3495 Lobeckic
762 3433 795 3491 in
817 3429 963 3507 Aglaoph.
986 3449 1015 3506 p.
1038 3431 1109 3491 oet.
1142 3452 1171 3492 ν.
1193 3430 1296 3506 Steph.

121 3537 207 3599 Thes·
231 3558 253 3599 s.
275 3559 303 3600 v.
330 3537 509 3617 Πινδαρίοιν.

206 3641 238 3720 2)
260 3662 288 3703 v.
311 3643 429 3703 Lersch.
452 3644 476 3716 Ι,
501 3643 550 3700 73.

208 3746 239 3822 3)
268 3745 299 3805 in
330 3746 483 3821 analogiae
514 3746 611 3807 studio
641 3748 742 3805 noster
774 3742 1005 3820 deprehenditur
1046 3739 1136 3801 schol.
1170 3739 1202 3800 K
1232 3741 1292 3794 292

120 3834 201 3926 (ἦνιν
223 3839 265 3918 cie
289 3849 398 3927 μῆνιν).

207 3949 239 4028 4)
262 3943 296 4010 ‘ri
321 3951 376 4009 τοῦ
400 3946 633 4030 Ἀριστονίκου’;
655 3951 745 4011 schol.
769 3950 802 4012 A
823 3956 894 4025 423,
916 3953 989 4012 Aah.
1010 3951 1068 4025 XI,
1091 3950 1148 4006 481
1174 3944 1209 4003 Ε.

209 4057 240 4132 5)
262 4059 393 4115 ceterum
414 4054 504 4114 miror
526 4073 584 4134 quo
606 4053 670 4113 iure
693 4054 889 4128 Muatzellius‚
912 4056 957 4115 De
980 4053 1092 4114 emend.
1107 4048 1296 4125 Theogonice

121 4157 194 4219 Hes.
216 4158 247 4218 ll.
269 4160 335 4233 ΙΙΙ,
358 4179 387 4236 p.
411 4163 488 4231 288,
518 4163 548 4217 et
570 4158 621 4239 qui
643 4159 679 4217 ud
702 4177 770 4218 cum
791 4161 916 4220 devocat
935 4158 1099 4219 Beccardus
1117 4152 1295 4212 Schocllium

121 4261 338 4337 incusaverint,
378 4263 456 4342 quod
487 4263 561 4321 duos
590 4261 658 4321 illos
688 4262 893 4338 grammaticos
923 4259 1103 4322 confudisset
1140 4256 1220 4317 inter
1249 4275 1295 4326 se;

119 4364 213 4440 probe
235 4365 314 4424 enim
334 4364 385 4424 illc
407 4364 498 4442 (Hist.
520 4365 564 4426 lit.
587 4365 636 4427 Gr.
659 4367 700 4441 11,
723 4368 797 4444 553)
819 4384 869 4426 cos
890 4365 970 4425 inter
991 4383 1023 4424 se
1045 4365 1188 4437 segregat.
