2866 4928
503 242 505 246 ,
592 177 662 225 t-·
708 175 825 281 2]-

130 366 169 412 ne
200 347 250 412 oui
281 347 392 413 inutile
424 347 526 428 egisse
558 349 677 412 videar.
722 347 839 411 etenim
870 353 902 412 et
924 347 1122 428 Aristarchi,
1155 349 1244 414 cuius
1266 351 1309 413 ad

129 459 374 540 pernoscendam
390 458 565 524 doctrinam
586 458 659 522 inde
682 457 722 521 ab
735 455 858 520 Lehrsii
881 459 1008 540 egregio
1024 476 1117 539 opere
1140 463 1189 522 tot
1206 459 1309 524 nostri

130 569 192 633 viri
223 570 308 635 docti
339 571 468 650 operam
498 575 595 649 atque
628 586 759 632 acumen
783 567 959 648 contulere,
990 587 1111 635 summo
1135 570 1310 649 meritoque

130 680 216 760 apud
240 679 469 744 Alexandrinos
497 679 605 744 floruit
639 679 806 760 splendore
830 696 941 743 nomen
965 698 1002 744 ac
1025 680 1223 745 nostratibus
1245 679 1310 744 lere

130 791 253 855 inlaesa
276 790 381 855 adhuc
404 792 562 872 dignitate
583 789 695 870 fulget,
717 794 755 853 ut
777 806 856 869 quos
879 775 954 871 ipse*
969 791 1038 855 rias
1054 792 1171 875 criseas
1195 792 1311 855 docue-

132 901 176 965 rit
199 902 298 982 viros,
330 901 449 967 homini
472 902 584 966 harum
607 900 772 965 literarum
796 901 939 965 studioso
962 920 1019 983 per
1042 920 1076 966 se
1102 920 1217 983 operae
1238 920 1311 983 pre·

133 1012 211 1077 tium
235 1012 278 1077 sit
300 1031 468 1094 quaerere:
502 1019 534 1077 et
557 1012 715 1076 nascentis
738 1011 950 1077 Alexandriae
978 1013 1206 1093 grammaticae
1230 1012 1310 1077 artis

132 1123 267 1188 historia
301 1123 438 1204 ingentis
468 1122 606 1186 virorum
636 1120 757 1185 numeri
791 1122 913 1203 stipata
941 1127 990 1186 est
1019 1123 1171 1188 memoria
1192 1123 1311 1204 partim

133 1233 249 1315 insigni
283 1233 378 1297 laude
411 1234 451 1296 de
484 1252 522 1299 ea
545 1233 730 1298 meritorum
753 1233 976 1297 —nominum
1008 1238 1174 1314 stupemus
1197 1234 1311 1299 nubem

59 1362 62 1367 ·
133 1363 229 1425 quarn
247 1345 380 1425 praebet
395 1344 526 1409 Villoiso
541 1345 573 1407 in
589 1343 732 1426 Prolegg.
755 1344 791 1408 Il.
814 1361 845 1424 p.
861 1343 967 1407 XXIX
981 1361 1048 1425 sqq.
1071 1345 1151 1409 etin
1171 1345 1310 1408 Anecdd.

134 1455 189 1519 Gr.
212 1455 255 1535 Il,
290 1454 353 1519 184
384 1474 411 1517 n.
434 1456 455 1519 2
477 1491 535 1533 -‚
565 1473 660 1536 quam
693 1454 816 1536 copiam
850 1437 1041 1535 quamquam
1077 1456 1312 1536 desperandum

134 1585 210 1631 sane
232 1570 333 1630 totam
355 1566 395 1629 ad
418 1571 601 1632 accuratum
618 1565 762 1643 redigere
784 1581 958 1645 recensum,
981 1572 1087 1631 tamen
1111 1566 1184 1631 huic
1207 1566 1254 1630 illi
1277 1585 1314 1630 er

134 1696 173 1741 ee
194 1677 404 1759 grammatico
427 1678 540 1759 siquis
564 1694 653 1741 suam
669 1680 809 1740 aetatem
833 1692 985 1754 suamque
1002 1677 1201 1759 disciplinam
1220 1677 1315 1741 resti-

137 1787 250 1868 tuerit,
281 1794 366 1852 certe
399 1787 519 1867 aliquid
553 1787 594 1850 ad
631 1786 690 1851 hoc
718 1785 882 1852 literarum
906 1806 1006 1869 genus
1030 1790 1220 1852 noscendum
1243 1804 1315 1867 pro-

135 1896 247 1963 fecerit
278 1899 299 1981 ).
514 1976 517 1983 ,

222 2009 285 2072 iam
317 2028 390 2074 vero
423 2013 518 2073 antea
548 2028 642 2090 quam
674 2011 716 2073 ad
746 2009 860 2092 ipsum,
896 2011 980 2091 qnod
1006 2009 1095 2075 nobis
1116 2008 1315 2090 propositum

137 2126 196 2198 est,
218 2121 416 2198 accedamus,
440 2138 499 2183 non
522 2120 641 2201 absque
664 2138 698 2185 re
721 2121 959 2203 videturesse,
988 2122 1027 2186 de
1049 2120 1229 2186 Aristarchi
1252 2119 1317 2183 dis·

136 2230 311 2311 cipulorum
341 2230 503 2310 catalogis
535 2249 614 2311 quos
648 2230 748 2295 nostri
781 2233 851 2296 aevi
885 2233 944 2297 viri
981 2232 1065 2298 docti
1095 2231 1317 2306 exhibuerunt,

141 2359 244 2422 pauca
266 2341 439 2422 disserere,
474 2345 506 2404 et
536 2341 564 2406 si
596 2341 649 2420 qui
671 2343 829 2407 immerito
853 2345 951 2410 nobili
973 2343 1021 2408 illi
1043 2341 1248 2408 contubernio
1271 2340 1318 2403 in-

143 2452 223 2516 trusi
253 2450 390 2531 fuerint,
423 2452 532 2515 statim
563 2453 602 2518 ab
635 2453 725 2517 initio
755 2471 808 2517 eos
829 2472 1001 2521 removere.
1044 2454 1181 2536 primum
1204 2454 1321 2532 autem,

89 2567 91 2570 ’
143 2564 228 2644 quod
250 2563 377 2644 quidem
394 2563 468 2641 scio,
490 2563 585 2627 huius
607 2562 733 2628 scholae
748 2564 930 2646 catalogum
952 2565 1129 2630 indefessae
1144 2562 1322 2627 industriae

144 2674 193 2738 vir
215 2672 387 2738 delineavit
417 2674 461 2738 Io.
485 2674 522 2736 A.
544 2673 725 2751 Fabricius,
756 2675 809 2755 qui
839 2677 871 2741 in
894 2676 1110 2741 Bibliothecae
1133 2672 1275 2738 Graecae
1298 2679 1322 2736 t.

144 2783 190 2849 VI
212 2802 243 2865 p.
266 2784 338 2848 357.
360 2783 422 2848 358
453 2784 546 2851 hosce
575 2791 740 2850 enumerat
772 2786 954 2869 ‘discipulos
986 2787 1176 2866 scholasque
1198 2800 1323 2848 succes·

146 2893 256 2961 sores':
279 2896 410 2977 Aprum,
434 2896 577 2974 Aristirn,
600 2895 846 2979 Aristodemum,
869 2899 1065 2962 Demetrium
1088 2896 1239 2970 Ixionem,
1262 2892 1324 2956 De-

145 3007 295 3072 metrium
319 3004 501 3087 Scepsium,
525 3007 754 3074 Dicaearchum
778 3009 1080 3086 Lacedaemonium,
1104 3005 1324 3081 Menandrum,

50 3108 53 3118 ’
149 3119 322 3197 Mnaseam,
353 3117 565 3197 Pamphilum,
596 3119 754 3200 Satyrum,
787 3119 998 3197 Hellanicum,
1027 3117 1239 3182 Menecratem
1261 3114 1326 3195 Ny·

149 3247 268 3307 saeum,
290 3228 456 3293 Moschum
473 3228 687 3308 Syracusium,
709 3228 924 3296 Ptolemaeum
948 3228 1171 3293 Pindarionem
1195 3232 1227 3290 et
1249 3225 1326 3306 Epi-

150 3339 287 3418 thetem;
313 3323 398 3402 ¹tilios
421 3338 642 3403 Aristarchum
671 3345 703 3403 et
726 3339 953 3423 Aristagoram.
997 3357 1078 3421 quae
1100 3337 1228 3402 nomina
1248 3334 1326 3401 fide-

150 3450 225 3514 liter
247 3448 464 3529 transscripsit
487 3449 549 3514 Iac.
581 3450 700 3514 Matter
729 3452 760 3515 in
790 3451 904 3516 librum
936 3470 1029 3532 quem
1051 3449 1213 3529 inscripsit
1235 3447 1328 3512 Essai

151 3570 354 3582 .......-...--

241 3623 269 3699 1)
293 3623 329 3680 ad
359 3624 451 3681 verba
480 3643 610 3699 provoco
640 3623 696 3683 viri
720 3623 752 3682 in
775 3628 838 3683 toto
861 3626 918 3682 hoc
942 3644 1045 3702 campo
1068 3619 1264 3683 versatissimi
1287 3620 1327 3678 M.

156 3724 324 3796 Schmidtii,
349 3725 477 3804 quaein
499 3725 587 3783 initio
611 3726 674 3783 eius
697 3727 732 3784 de
748 3725 870 3784 Seleuco
886 3728 1047 3786 Homerico
1071 3720 1328 3784 commentationis

155 3832 275 3888 exstant
296 3827 427 3886 insertae
451 3826 559 3886 Philol.
582 3834 603 3886 t.
625 3827 677 3885 ΠΙ
698 3849 727 3904 p.
751 3834 936 3890 ceo-459:
958 3831 1065 3904 „einen
1099 3847 1188 3886 mann
1211 3824 1329 3881 konnen

155 3951 193 3988 zu
214 3930 334 4002 lernen,
364 3931 495 3992 welcher
527 3931 583 3989 den
613 3930 717 3989 lehren
750 3931 830 3990 eines
854 3932 988 3991 meistere
1018 3931 1075 3992 wie
1099 3927 1254 3988 Aristaroh
1276 3924 1331 3985 mit

156 4033 403 4092 unwandelbarer
432 4040 516 4093 trene
537 4033 660 4105 anhing,
692 4032 733 4091 ist
755 4051 792 4091 an
816 4034 880 4093 sich
902 4034 1095 4105 verlockend,
1118 4034 1179 4091 und
1201 4031 1251 4089 fiir
1273 4029 1331 4087 den

157 4133 477 4209 geschichtssohreiber
499 4137 552 4194 der
574 4134 780 4209 griechischen
803 4139 1022 4211 grammatilcer,
1044 4135 1189 4197 walchem
1212 4139 1331 4204 strenge

159 4238 322 4312 scheidung
351 4239 403 4297 der
432 4258 548 4299 massan
578 4238 639 4296 und
672 4238 880 4313 iiberweisung
911 4241 964 4300 der
992 4238 1168 4299 individuen
1198 4255 1237 4294 an
1267 4235 1333 4293 ihre

159 4341 281 4402 schulen
305 4341 425 4418 obliegt,
448 4364 498 4402 um
521 4343 619 4402 seiner
641 4342 877 4400 bedeutsamkeit
899 4343 1000 4404 willen
1024 4343 1181 4415 gebeton.“
