2866 4928
625 182 838 247 ..64-

142 355 228 417 recte
243 350 344 416 noluit
358 345 485 415 Πελίαο
501 345 601 436 φόνον
617 350 783 429 συνθέτως
799 344 1036 436 ἀναγινιόσκειν.
1052 352 1092 420 ci.
1108 354 1150 420 M.
1163 354 1321 422 Schmidt

142 461 216 527 Did.
239 463 311 528 226.
334 482 364 528 v.
386 462 450 528 459
480 455 521 525 ἀν
552 483 635 526 ποτε
664 457 860 527 Καλλίσταν
880 455 1060 549 ἀπηίκησαν
1080 460 1186 551 χρόνῳ
1210 465 1321 550 νᾶσον]

140 574 263 656 Χαῖρις
277 567 430 655 βοόλεται
444 567 579 659 γράφειν
601 567 635 637 ἔν
657 595 739 639 ποτε
761 565 835 637 ἀντὶ
856 573 913 637 τοῦ
936 567 1015 653 ἀνι)
1044 597 1135 655 ποτε,
1158 572 1243 640 κατὰ
1265 572 1322 664 την

140 678 310 770 Πινδάρου
333 678 508 770 συνήθειαν
529 720 572 730 -
602 703 697 767 quam
721 684 888 751 Chaeridis
911 687 1161 752 emendationem
1185 684 1221 752 ἐν
1248 690 1319 768 (pro

140 790 187 876 ἐς)
211 800 400 876 receperunt
422 793 637 860 Mommseuus
659 801 692 862 et
713 796 879 876 Bergkius.
925 815 1020 878 porro
1043 817 1071 861 v.
1097 798 1160 864 195
1181 799 1320 879 scriptu·

139 924 210 971 ram
240 904 407 988 proposuit
436 923 456 970 a
485 924 564 972 rece.
597 911 757 988 receptam
789 901 954 993 ἁμετέρων
983 944 1025 953 -
1059 899 1232 992 ἀρχεδικᾶν
1261 926 1319 990 pro

139 1011 300 1103 ἁμετέραν
322 1008 503 1102 ἀρχεόίκαν.
543 1017 676 1099 denique
705 1038 734 1083 v.
757 1018 819 1084 259
843 1020 973 1106 Μοῖραι
995 1011 1027 1082 δ’
1061 1010 1257 1105 ἀφίσταντ’,
1288 1012 1322 1083 εί

140 1150 192 1204 τις
213 1121 318 1214 ἔχθρα
341 1125 435 1193 πόλει
457 1128 514 1212 (-
536 1151 556 1214 η
578 1128 708 1211 Bergk.)
732 1128 844 1195 schol:
875 1124 892 1193 ὃ
915 1127 952 1194 δὲ
974 1131 1097 1214 Χαῖρις
1124 1127 1319 1217 τεροςτιθείς

140 1236 178 1304 τό
201 1245 213 1303 i
234 1234 352 1327 γράφει
373 1231 584 1325 ἀφίσταιντο,
614 1231 661 1303 ἵν’
694 1229 714 1328 ᾖ
742 1231 888 1316 εάκτικός
917 1235 935 1305 ὃ
963 1236 1060 1325 λόγος
1090 1231 1319 1327 ·ἀφίσταιντο

137 1345 172 1415 αῖ
203 1353 351 1435 Μοῖραι,
381 1346 412 1415 εί
440 1348 554 1435 μέλλοι
569 1351 599 1435 ’)
631 1348 666 1416 ἐν
687 1353 733 1437 τηῖ
755 1348 834 1436 γένει
858 1347 948 1438 ημῶν
970 1348 1115 1437 διαφορά
1144 1349 1319 1434 γενέσθαι.

139 1457 218 1538 otger
241 1458 326 1546 πρός
347 1453 515 1526 ἀναίδειαν
536 1462 708 1549 τρανιῖηναι.
750 1460 807 1527 καὶ
837 1454 895 1527 οάκ
924 1454 1103 1540 ἀπιθάνως
1132 1456 1151 1526 ὁ
1182 1464 1319 1547 Χαῖρις.

69 1659 71 1663 ¹
137 1574 169 1638 in
193 1592 255 1656 quo
277 1592 369 1639 nemo
392 1574 477 1655 quod
499 1574 563 1641 scio
586 1593 656 1639 eum
680 1582 809 1640 secutus
832 1582 891 1640 est.

222 1688 347 1749 restant
368 1685 397 1750 ei
420 1683 489 1764 loci,
511 1685 567 1751 ubi
588 1686 620 1751 in
643 1689 757 1767 poetae
778 1685 945 1751 verborum
968 1702 1094 1750 sensum
1111 1683 1245 1750 Chaeris
1266 1684 1317 1749 in-

139 1795 237 1877 quirit
249 1844 256 1858 .
268 1794 366 1859 schol.
388 1795 609 1878 Pyth.1v,18
632 1787 800 1860 ἀθανάτου
823 1790 1001 1879 στόματος]
1021 1788 1189 1860 ἀθάνατον
1207 1790 1319 1879 στόμα

137 1903 176 1968 τό
198 1900 350 1991 Μηδείας
371 1897 474 1987 εἶπεν,
498 1901 542 1984 ὡς
557 1904 617 1991 μὲν
631 1910 762 1993 Χαῖρις,
787 1904 823 1971 ἐκ
836 1904 954 1994 μέρους
967 1904 1024 1994 τὴν
1040 1897 1216 1985 ἀθάνατον,
1241 1901 1320 1970 ἐπεὶ

136 2013 192 2081 καὶ
217 2011 371 2094 Ἡσίοδος
401 2015 435 2082 ἐν
465 2020 504 2105 τῇ
536 2012 694 2104 Θεογονίᾳ
725 2018 790 2100 (vv.
814 2017 998 2102 sot-962)
1030 2009 1199 2081 ἀθάνατον
1221 2008 1321 2104 αὐτόν

136 2146 252 2214 φησιν·
276 2122 320 2205 ὡς
342 2126 378 2193 δὲ
403 2121 659 2215 Ἀσκληπιάδης,
682 2122 733 2192 ὅτι
756 2121 850 2193 οάδὲν
870 2130 934 2193 τῶν
954 2125 1119 2214 ῥηθέντων
1133 2119 1195 2192 ἀπ’
1220 2119 1321 2214 αὗτῆς

138 2232 249 2316 ἀτελὲς
275 2235 401 2322 γέγονεν
432 2232 506 2305 οὐδὲ
535 2235 684 2325 ἐφθάρη.
713 2240 754 2305 ad
784 2259 878 2323 quam
907 2239 1105 2321 Asclepiadis
1135 2239 1317 2321 opinionem

137 2350 301 2416 inclinavit
322 2350 500 2432 Boekhius‚
531 2368 602 2415 cum
624 2351 855 2432 interpretatus
882 2351 925 2416 sit
947 2351 995 2416 ‘ob
1019 2350 1219 2415 divinitatem
1242 2347 1320 2415 iati-

137 2462 268 2537 dicam’‚
299 2460 464 2527 Chaeridis
486 2461 574 2526 illam
596 2461 796 2544 Hartnngius
819 2461 982 2543 amplexus
1004 2465 1070 2526 est.
1102 2479 1131 2525 v.
1164 2459 1226 2526 156
1256 2451 1318 2524 ἀλ-

137 2570 202 2649 λισς
223 2610 265 2618 -
286 2572 450 2657 μέμφεται
472 2569 509 2637 δὲ
529 2575 652 2656 Χαῖρις
675 2568 732 2637 ἐπὶ
761 2573 800 2658 τῇ
828 2567 1019 2659 appollon
1041 2570 1107 2636 τῶν
1128 2562 1320 2636 ’Λλωειόῶν

139 2684 208 2766 (Oti
231 2689 264 2749 et
285 2683 469 2766 Ephialtae)
491 2702 499 2717 ·
522 2675 615 2768 ἀρκεῖ
636 2681 697 2766 γάρ
720 2676 933 2748 όἈνιόλλανν
954 2680 1011 2748 καί
1032 2677 1051 2748 ό
1074 2675 1191 2770 ’Ἀρης
1218 2683 1321 2759 θεοῖς

58 2790 61 2797 ’
136 2792 278 2881 μὲνγὰρ
300 2788 472 2877 εἰκάζομέν
493 2817 597 2875 τινας,
623 2787 814 2882 ἀνθρώποις
836 2791 873 2859 δὲ
894 2789 1073 2882 λαερφαέσι
1095 2790 1152 2858 καί
1173 2787 1321 2879 τερατώ-

137 2905 225 2971 δεσιν
247 2897 365 2970 οὐκέτι.
402 2904 462 2971 boc
483 2905 582 2986 igitur
604 2905 735 2971 offendit
757 2904 964 2986 Chaeridem,
996 2906 1080 2988 quod
1110 2908 1205 2987 poeta
1226 2910 1321 2986 post·

137 3037 231 3100 quam
253 3036 324 3083 oum
347 3015 409 3081 diis
425 3017 622 3098 comparavit
635 3016 790 3098 Iasonem,
813 3016 909 3082 etiam
927 3036 996 3082 cum
1013 3016 1192 3083 bominibus
1206 3029 1321 3097 quam·

136 3129 185 3193 vis
207 3128 383 3209 insignibus
398 3127 637 3209 comparaverit.
674 3134 814 3194 ceterum
830 3134 972 3195 nostrum
987 3126 1105 3193 refellit
1118 3126 1319 3199 Boeckhius:

136 3243 302 3321 „neutrum
326 3239 382 3323 [sc.
406 3257 509 3322 nequo
530 3239 708 3321 Apollinem
732 3258 833 3321 neque
849 3238 999 3322 Martem]
1022 3243 1129 3304 tamen
1152 3255 1224 3303 cum
1247 3254 1318 3303 esse

136 3368 230 3431 posse
252 3350 455 3431 perspiciant,
479 3351 543 3415 iam
563 3350 604 3417 de
619 3349 767 3418 heroibus
782 3352 924 3434 cogitant
946 3355 1073 3417 statura
1095 3356 1128 3416 et
1149 3348 1317 3417 ferocitate

136 3460 322 3542 insignibus
345 3466 497 3544 exparte
519 3461 616 3528 etiam
639 3461 878 3545 pulchritudine
900 3499 941 3508 —
964 3461 1035 3528 illos
1057 3460 1158 3542 igitur
1180 3479 1237 3527 cur
1260 3480 1316 3527 no·

135 3570 319 3654 mmaverit,
348 3572 428 3638 satis
449 3577 555 3654 patet;
586 3572 700 3654 quibus
723 3593 793 3641 cum
816 3574 930 3657 Tityus
959 3573 1150 3656 proceritate
1172 3573 1316 3657 corporis

135 3823 228 3882 sidem
250 3822 357 3898 legisse
373 3867 378 3879 .
396 3823 445 3882 aed
469 3843 539 3882 sane
562 3815 726 3902 ἀγκομίζαν
747 3824 845 3899 potuit
865 3845 919 3902 pro
934 3842 1028 3900 praes.
1052 3827 1147 3885 conat.
1169 3821 1315 3900 accipere.

136 3958 178 3969 —-
200 3919 325 4002 ἀρχαίαν
346 3925 487 3985 volebant
514 3926 591 3983 idem
620 3925 720 3987 valere
743 3928 822 4006 quod
844 3920 937 4005 ἀρχόν
958 3971 965 3985 .
990 3928 1027 3987 cf.
1049 3925 1180 3986 Lobook.
1215 3925 1315 3986 Paral.

135 4046 164 4103 p.
189 4032 259 4085 298.

224 4128 254 4206 1)
275 4129 354 4209 quod
377 4128 478 4208 quaeri
500 4136 599 4204 potest
622 4121 658 4186 ἀν
680 4131 778 4191 sitan
801 4124 838 4188 ἀν
861 4130 917 4210 [ita
938 4131 996 4212 G.].

223 4231 254 4308 2)
277 4231 355 4288 undo
370 4230 564 4307 probabiliter
579 4231 687 4306 Bergk.
710 4232 830 4309 collegit
851 4232 940 4292 etiam
962 4229 1046 4291 πέλοι
1060 4234 1194 4292 nostrum
1216 4231 1320 4311 lagare

135 4332 273 4400 voluisse.
