2866 4928
667 209 879 275 ..22-

186 377 250 460 lici,
272 397 336 460 quo
359 377 512 462 Smyrnae
527 378 717 444 excelluisti:
740 378 849 444 eodem
871 379 957 461 apud
980 378 1194 462 Syracusanos
1211 380 1364 447 Theocri-

186 495 255 571 tus;
278 509 337 572 ego
360 509 444 569 vero,
467 489 592 570 tertius,
615 489 790 574 discipulus
811 495 886 556 tuus
906 491 1061 573 heresque
1084 491 1164 557 artis
1186 498 1364 571 thaasar-

185 601 269 666 mine
292 600 421 668 ausonio
441 606 576 683 parento
598 600 687 668 tibi.“
710 607 746 666 ut
768 622 798 668 v.
821 601 883 668 100
905 598 939 666 ἐν
961 599 998 665 δὲ
1021 598 1251 690 Συρακοσίοισι
1277 597 1363 668 Θεό-

55 713 58 719 ’
184 734 295 799 κριτος
325 711 452 778 minime
482 710 661 796 significent
691 711 788 778 verba
810 712 1015 778 Theocritum
1036 712 1167 778 Bionem
1202 719 1365 780 mortuum

184 823 370 910 θρηνεῖν).
424 823 585 890 Cretensis
617 826 725 889 autem
763 824 911 889 nimirum
951 841 1041 889 suam
1074 824 1135 890 sibi
1171 826 1365 891 sententiam

185 932 277 1001 finxit
299 934 341 1000 ad
364 933 604 1001 similitudinem
628 953 734 999 eorum
758 954 839 1017 quae
862 935 1054 1001 antecedunt
1076 955 1126 1000 vv.
1148 937 1189 1002 87
1212 954 1279 1017 sqq.
1313 954 1366 1001 ce-

186 1051 290 1112 torum
313 1065 342 1112 v.
365 1046 423 1111 Th.
447 1046 485 1110 A.
507 1045 685 1125 Fritzsche‚
707 1045 756 1110 De
777 1046 882 1128 poetis
899 1045 1092 1112 Graecorum
1105 1045 1264 1128 bucolicis,
1286 1067 1317 1129 p.
1335 1048 1366 1112 1.

187 1156 322 1223 Ahrens.
344 1156 483 1224 Bucolio.
506 1156 562 1222 Gr.
585 1157 696 1238 reliqu.
719 1157 735 1221 Ι
756 1175 788 1238 p.
806 1157 877 1222 219.
900 1157 1098 1240 Bernhardy.
1120 1157 1204 1223 Hist.
1221 1158 1284 1222 Lit.
1308 1156 1365 1224 Gr.

185 1266 375 1334 11936.-
405 1286 442 1334 ac
465 1269 505 1333 de
527 1267 578 1334 his
598 1286 689 1332 nemo
712 1286 794 1333 nunc
824 1266 966 1348 dubitat3
999 1286 1111 1333 caussa
1133 1287 1209 1351 ergo
1241 1267 1281 1334 ab
1304 1268 1367 1334 hac

186 1379 314 1462 quidem
334 1384 428 1461 parte
450 1379 511 1445 erit
533 1378 629 1461 nulla,
654 1397 710 1444 cur
732 1379 851 1446 Suidae
874 1378 1053 1445 testimonio
1076 1380 1117 1445 de
1140 1379 1268 1446 Moscho
1291 1379 1366 1445 Ari-

186 1489 306 1556 starchi
329 1490 486 1573 discipnlo
509 1489 701 1556 diffidamus.
983 1481 986 1489 ’
1016 1566 1018 1571 ,

162 1606 165 1609 ’
271 1608 305 1666 at
326 1600 432 1668 hercle
453 1621 492 1668 ne
513 1602 573 1667 hoc
595 1600 723 1683 quidem
746 1602 937 1683 gravissima
959 1600 1158 1668 dubitatione
1176 1601 1254 1666 mibi
1276 1601 1367 1668 vide-

188 1718 242 1777 tur
264 1731 390 1792 carere,
420 1731 495 1778 num
524 1712 600 1794 quid
632 1713 778 1795 omnino,
809 1711 893 1794 quod
922 1712 964 1778 ad
994 1711 1115 1778 Moschi
1146 1716 1284 1778 aetatem
1314 1732 1367 1778 co-

187 1823 398 1906 gnoscendam
414 1823 531 1906 valeat,
556 1823 638 1890 sumi
659 1843 677 1889 e
699 1824 838 1890 carmine
861 1823 916 1889 illo
934 1817 1124 1909 Ἐπιτάφιος
1140 1817 1266 1900 Βίωνος
1280 1825 1368 1904 quod

136 1971 137 1975 =
187 1934 375 2018 inscriptum
399 1940 466 2014 est,
487 1935 593 2002 liceat.
614 1934 716 2018 quid?
748 1935 832 2016 quod
855 1935 943 2000 nulla
963 1952 1094 2017 prorsus
1115 1935 1307 2001 auctoritate
1332 1936 1369 2000 id

189 2046 318 2114 Moscho
340 2046 434 2129 vulgo
457 2032 662 2114 tribuerunt?
695 2027 768 2112 vide
790 2047 883 2112 modo
906 2046 950 2112 sis
973 2046 1097 2112 codices
1119 2063 1201 2128 quae
1215 2045 1367 2112 indicent.

188 2159 220 2224 in
244 2159 333 2224 codd.
358 2160 406 2225 18.
429 2159 467 2223 D.
485 2159 534 2224 M.
564 2158 750 2243 (secundum
773 2156 920 2223 Ahrensii
941 2157 1156 2240 signaturam)
1177 2156 1368 2239 inscriptum

78 2298 80 2303 ¹
189 2275 239 2337 est
262 2265 451 2356 Θεοκρίιοο;
473 2270 505 2336 in
528 2270 606 2335 Vd.:
629 2265 768 2349 Μόσχου
787 2259 807 2333 i
825 2263 1000 2352 Θεοκρίτου
1023 2261 1072 2354 (Mi
1090 2287 1109 2333 a
1127 2286 1186 2332 sec.
1202 2287 1285 2333 man.
1308 2267 1366 2333 ad-

73 2378 78 2390 '
191 2380 303 2445 ditum’
325 2381 435 2465 Abr.);
464 2400 522 2447 nec
551 2379 611 2447 nisi
632 2381 741 2447 Ursini
764 2381 888 2446 demum
911 2379 1009 2445 editio
1038 2379 1070 2444 iu
1093 2379 1241 2445 carminis
1262 2379 1367 2445 fronte

190 2491 304 2558 habet:
336 2487 476 2572 Μόσχου
497 2487 676 2579 ἐπιτάφιος
698 2487 840 2574 Βίωνος,
875 2492 974 2575 probe
1001 2491 1150 2555 nimirum
1179 2491 1207 2556 is
1236 2489 1368 2557 videbat

190 2597 506 2671 Theocrito'carmen
528 2609 661 2686 propter
683 2624 712 2670 v.
742 2604 804 2672 100
834 2604 941 2671 addici
962 2621 1023 2668 nou
1045 2619 1147 2685 posse.
1180 2600 1240 2667 hoc
1258 2607 1367 2667 autem

189 2717 222 2781 in
246 2733 352 2781 omnes
373 2715 584 2781 recentiorum
608 2714 762 2783 editiones
783 2716 922 2799 irrepsit.
963 2733 1058 2798 quam
1080 2713 1120 2780 ob
1144 2730 1288 2778 caussam
1310 2730 1368 2778 suo

189 2827 259 2894 iure
288 2825 462 2893 Ahrensius
494 2827 575 2893 illud
607 2846 732 2894 carmen
762 2847 779 2893 e
809 2826 1030 2894 Moscheorum
1059 2829 1240 2907 poematum
1272 2842 1369 2906 grege

191 2943 347 3004 semotum
378 2937 410 3003 in
441 2937 634 3004 incertorum
664 2938 752 3022 idyll.
781 2957 910 3004 numero
932 2937 1069 3003 inseruit
1082 2938 1123 3018 ²).
1160 2954 1262 3017 neque
1283 2935 1368 3000 Har-

191 3049 336 3133 tungium
358 3052 444 3132 quod
464 3048 655 3132 promiserit,
679 3050 885 3128 Quaestiones
900 3048 1068 3115 Moscheae
1091 3046 1182 3129 (diss.
1202 3047 1245 3112 in.
1268 3046 1367 3113 Bonn.

280 3240 311 3319 l)
334 3241 377 3300 nil
399 3244 498 3302 Mmen
520 3260 552 3301 se
574 3241 708 3301 edoctum
730 3241 828 3303 voluit
856 3240 883 3300 J.
906 3238 1036 3313 Hauler,
1066 3238 1112 3297 De
1135 3237 1284 3298 Theocriti
1304 3237 1370 3300 vita

193 3348 224 3404 et
245 3343 438 3418 carminibus,
468 3343 537 3406 diss.
558 3344 599 3402 in.
623 3344 704 3403 Frib.
725 3344 831 3420 Brisig.
858 3348 956 3418 1855,
977 3362 1006 3418 p.
1031 3342 1068 3400 17
1092 3361 1158 3401 cum
1180 3340 1275 3401 dixit:
1297 3373 1368 3414 „—

192 3445 329 3523 inprimis
351 3452 448 3506 autem
469 3447 586 3507 Munati
609 3446 786 3508 sententiam
809 3447 857 3524 [cf.
879 3445 1005 3523 hypoth.
1026 3444 1066 3506 id.
1089 3443 1192 3518 XVII]
1224 3443 1301 3504 tueri
1322 3444 1368 3506 vi-

193 3550 279 3608 detur
300 3536 502 3609 testimonium
524 3549 640 3609 Moschi
669 3549 757 3627 plane
779 3549 946 3625 neglectum
970 3545 1027 3625 [!]:
1059 3546 1198 3606 Moschus
1227 3546 1306 3605 enim
1335 3547 1369 3605 in

193 3649 296 3711 Bionis
316 3651 467 3729 epitaphio
489 3672 518 3712 v.
542 3656 582 3709 94
605 3651 663 3731 (ed.
684 3652 776 3711 Mein.
799 3654 829 3712 et
843 3649 966 3728 Amnis.)
987 3649 1174 3708 Theocritum
1189 3648 1370 3710 interrivos

194 3756 345 3812 numerat:
376 3749 408 3811 ἐν
438 3747 469 3812 δὲ
493 3751 707 3833 aspanorum
731 3747 889 3833 Θεόκριτος
910 3755 969 3810 κτλ.
1011 3753 1087 3810 Nam
1117 3770 1292 3832 quamquam
1314 3751 1368 3811 illo

194 3856 258 3917 loco
281 3875 320 3915 ex
341 3856 487 3915 Meinekii
509 3857 658 3917 sententia
690 3856 855 3935 complures
876 3875 979 3915 versus
1006 3853 1237 3926 interciderunt,
1268 3857 1369 3913 tamen
1393 3858 1397 3870 ’

194 3959 382 4037 perspicuum
405 3965 458 4032 est,
481 3959 639 4034 intereos,
663 3959 714 4041 qui
739 3963 954 4038 praematuram
973 3957 1075 4017 Bionis
1089 3961 1215 4016 mortem
1230 3955 1367 4031 defleant,

195 4061 284 4122 etiam
307 4061 496 4123 Theocritum
517 4062 641 4122 referri“
664 4067 694 4123 et
715 4082 791 4142 quae
813 4082 891 4142 sqq.,
923 4061 975 4120 ille
1005 4060 1124 4141 quidem
1146 4059 1251 4118 merito
1275 4078 1368 4136 vapu-

194 4165 259 4225 lans
281 4165 438 4238 Ahrensio,
460 4165 561 4226 Bucol.
586 4166 634 4226 Gr.
657 4166 690 4224 II
711 4186 739 4243 p.
761 4164 898 4228 XXXII.

282 4270 313 4349 2)
336 4267 506 4328 dubitanter
527 4270 581 4328 hac
612 4269 647 4327 de
672 4287 703 4328 ro
735 4269 769 4328 L.
792 4268 926 4328 Schmidt
946 4268 978 4326 in
999 4265 1105 4344 Panlyi
1128 4265 1190 4324 ER.
1214 4286 1235 4325 s.
1258 4286 1287 4326 v.
1310 4265 1368 4326 Bu·

195 4370 289 4434 coiioi.
