2866 4928
608 193 821 258 ..8.-

125 361 295 443 bedentet‚
324 362 390 428 als:
412 362 577 428 -zwischeu
608 364 680 428 dem
711 365 1023 446 Regiorungsaotritt
1053 366 1110 431 des
1132 365 1248 449 Euerg.
1270 368 1306 432 II⁴

127 473 206 555 (146
229 491 258 538 v.
281 473 368 556 Chr.)
398 474 462 538 und
486 474 526 540 31
550 493 578 537 v.
602 473 674 539 Chr.
719 475 896 541 Besouders
925 474 1099 541 aufiallend
1121 496 1145 542 s.
1165 469 1303 561 Ἀμμώ-

127 605 196 660 νιος
214 576 412 667 Ἀμμωνίου.
455 585 570 651 Nichts
599 585 733 650 anderes
763 585 824 650 will
846 585 928 652 auch
954 585 1044 667 jones
1066 584 1121 651 καὶ
1143 584 1304 673 πρότερον

125 693 177 760 bei
201 694 350 777 Tryphon
373 714 470 775 sagea
492 699 562 759 -.“
583 695 621 761 cf.
645 699 681 760 A.
704 697 744 762 de
759 696 884 775 Volsco,
906 696 1062 778 Tryhouis
1084 697 1197 779 fragm.
1220 721 1251 782 p.
1273 704 1303 766 2.
1372 712 1378 717 ’

210 804 272 870 fuit
293 824 367 886 ergo
382 784 566 872 Ammonius
588 806 777 873 ‘Aristarchi
798 808 925 873 auditor
947 812 980 873 et
1002 810 1172 875 successur'
1195 810 1304 893 (Wolf,

125 915 269 998 Prolegg.
299 937 329 999 p.
353 917 442 999 237),
472 919 556 983 unde
586 936 710 982 summa
731 937 802 983 eum
824 918 907 984 inter
929 917 1108 984 Aristarchi
1130 921 1304 1003 discipulos

125 1045 217 1091 usum
247 1030 440 1094 auctoritate
462 1031 656 1096 sumendum.
701 1023 764 1112 ¹qua
788 1048 858 1095 cum
881 1048 914 1095 re
936 1028 1091 1109 concinit,
1113 1033 1197 1113 quud
1220 1032 1304 1098 iuter

125 1139 317 1220 principales
339 1141 469 1224 Didymi
499 1142 602 1207 fontes
624 1140 810 1207 referendus
832 1140 959 1204 videtur
991 1157 1059 1204 esse
1075 1142 1114 1222 ¹).
1158 1149 1254 1225 atque
1276 1144 1304 1208 is

124 1250 215 1314 varia
246 1252 405 1316 Ammonii
433 1252 554 1334 scripta
583 1252 684 1318 affert.
729 1270 862 1334 quorum
890 1253 1025 1335 primum
1059 1251 1185 1319 nomino
1218 1254 1302 1334 quod

126 1359 205 1424 citat
227 1361 270 1425 ad
291 1365 326 1424 K
348 1363 427 1428 397:
458 1362 535 1449 περὶ
565 1361 624 1428 τοῦ,
653 1359 697 1449 μὴ
717 1359 877 1446 γεγονέναι
906 1358 1060 1440 πλείονας
1082 1356 1228 1439 ἐκδόσεις
1248 1365 1304 1448 τῆς

120 1461 365 1555 Ἀρισταρχείσυ
397 1469 606 1559 διορθώσεως
633 1480 802 1556 propterea
830 1476 913 1556 quod
936 1475 1141 1556 grauissimas
1163 1474 1303 1539 virorum

125 1580 288 1647 doctorum
316 1585 415 1648 movit
444 1585 668 1651 dubitationes.
720 1590 816 1668 utque
847 1604 904 1666 ego
939 1585 1066 1666 quidem
1106 1586 1165 1650 hoc
1194 1583 1303 1649 statim

33 1712 36 1716 ’
126 1691 245 1773 dicam,
276 1693 316 1759 ab
339 1695 465 1760 Lehrsii
487 1697 645 1760 sententia
665 1694 721 1759 illa
741 1694 808 1760 fere
830 1695 974 1761 omnibus
996 1686 1220 1777 comprobata,
1242 1712 1305 1775 qua

125 1805 189 1866 τῶν
210 1797 268 1868 δόσ
290 1807 412 1871 censuit
427 1808 638 1888 supplendum
656 1805 718 1886 (De
731 1806 910 1871 Aristarchi
925 1808 1040 1874 studiis
1058 1807 1177 1875 homer.
1193 1827 1223 1889 p.
1239 1809 1305 1888 27),
1330 1872 1334 1883 ,
1416 1903 1421 1912 Ι

125 1932 164 1977 ne
186 1933 268 1978 nunc
297 1917 423 1998 quidem
454 1928 528 1998 pust
558 1937 595 1982 ea
625 1935 707 1999 quae
728 1917 776 1980 La
798 1917 923 1999 Roche,
955 1919 995 1983 H.
1019 1919 1053 1984 T.
1075 1940 1107 2001 p.
1130 1920 1171 1986 68
1194 1925 1305 1985 contra

125 2042 194 2088 eam
218 2025 412 2107 disputavit,
443 2028 653 2094 recedendum
686 2046 735 2092 me
756 2032 881 2109 putare.
924 2039 959 2093 at
980 2050 1040 2111 age
1062 2049 1144 2112 quae
1175 2030 1305 2095 disserit

124 2134 178 2200 ille
201 2155 229 2201 v.
252 2138 282 2202 d.
313 2137 419 2218 paullo
450 2139 628 2206 accuratius
662 2139 886 2205 examinemus.
929 2141 1095 2206 Lehrsium
1130 2140 1229 2221 igitur
1250 2141 1305 2205 ille

124 2265 240 2328 eosque
261 2249 315 2330 qui
337 2268 410 2314 eum
438 2252 538 2316 secuti
561 2256 653 2331 sunt,
677 2249 850 2331 neglexisse
871 2251 920 2315 ait
940 2252 1089 2333 magnum
1112 2252 1196 2333 quod
1219 2252 1302 2317 iuter

125 2353 255 2436 όκδοσις
285 2367 317 2426 et
340 2357 520 2447 διόρθωσις
541 2379 634 2428 voces
664 2361 707 2425 sit
737 2361 914 2427 discrimen.
959 2357 1105 2436 ἐκδόσεις
1127 2363 1211 2427 enim
1233 2380 1302 2428 esse
1397 2384 1402 2393 ·

125 2469 340 2552 ‘abschriitem
363 2473 560 2555 exemplare',
591 2491 628 2536 ac
649 2479 815 2553 praeterea
838 2477 963 2538 veteres
985 2474 1140 2541 editiones
1163 2476 1302 2541 nondum
1332 2503 1335 2507 ’

125 2601 144 2644 a
167 2585 383 2662 grammaticis
406 2585 576 2650 recensitas
608 2584 670 2647 ista
692 2600 768 2648 voce
790 2582 979 2663 siguificari3
1012 2602 1083 2650 cum
1107 2581 1303 2667 διορθώσεις

124 2693 188 2758 sint
211 2694 434 2760 recensiones.
469 2713 505 2759 ac
520 2713 615 2776 porro
638 2693 813 2761 locutiones
835 2690 854 2781 ἦ
872 2688 1088 2779 Ἀριστάρχου
1110 2692 1302 2778 διόρθωσις,

125 2797 223 2891 ἣἈ.,
254 2804 304 2870 uel
326 2800 345 2892 ἡ
367 2800 504 2890 ἑτέραδ)
536 2809 600 2869 τῶν
618 2798 669 2870 Ἀ.
714 2806 833 2872 καίτοι
856 2805 1006 2872 discernit
1028 2806 1068 2872 ab
1092 2807 1303 2872 usitatissima

126 2909 161 2978 oi
179 2907 240 2995 'A.‚
263 2935 357 2998 quam
382 2917 442 2984 sibi
465 2917 547 2984 velle
569 2912 602 2980 oi
622 2910 673 2981 Ἀ.
697 2913 843 2993 ἐκδόσεις
876 2917 925 2982 vel
947 2918 1055 2998 potius
1078 2913 1225 2994 ἐκδόσεις
1246 2916 1303 3005 τῆς

121 3019 173 3090 Ἀ.
196 3020 414 3111 διορθώσεως.
457 3047 538 3110 quae
565 3030 670 3093 omnia
692 3029 840 3094 subtilius
863 3028 940 3093 mihi
964 3047 1059 3110 quam
1082 3031 1188 3096 verius
1210 3029 1248 3094 V.
1272 3031 1302 3094 d.

125 3138 254 3204 videtur
284 3139 480 3205 disseruisse.
525 3139 675 3204 differunt
703 3158 777 3204 sane
809 3134 992 3223 διόρθωσις
1014 3147 1046 3205 et
1068 3136 1198 3217 ἔκδυσις
1219 3139 1303 3206 inter

104 3263 261 3331 sesses,
284 3252 369 3333 quod
391 3250 444 3315 illa
469 3258 518 3316 est
539 3253 689 3329 recensio,
713 3250 790 3317 haec
814 3252 928 3316 editio:
963 3270 1071 3317 verum
1087 3272 1148 3318 non
1172 3271 1208 3318 eo
1229 3273 1302 3334 pro·

124 3363 236 3428 cedere
258 3361 395 3428 debebat
409 3363 446 3426 V.
469 3362 510 3441 d.,
532 3367 568 3426 ut
590 3362 671 3428 hanc
689 3380 796 3428 vocem
820 3361 1008 3444 simpliciter
1029 3364 1101 3445 pari
1116 3382 1185 3429 esse
1207 3382 1301 3429 seusu

215 3536 242 3614 1)
265 3536 331 3608 „eui
360 3535 423 3612 ipsa
453 3534 598 3613 Didymus
628 3555 688 3593 non
719 3542 834 3594 tantum
864 3535 951 3593 fidem
984 3537 1104 3610 habuit,
1139 3537 1190 3594 sed
1213 3536 1302 3594 etiam

124 3657 195 3715 prae
226 3639 292 3698 aliis
322 3638 410 3697 fidem
440 3639 539 3696 deberi
571 3637 778 3710 significavit“,
808 3637 912 3709 Lehrs,
941 3637 1035 3697 Arist.
1068 3659 1096 3715 p.
1120 3639 1169 3697 27.
1201 3640 1237 3698 cf.
1260 3640 1301 3696 M.

31 3795 34 3798 ,
124 3741 265 3801 Schmidt.
310 3740 378 3798 Did.
402 3745 472 3800 293.

212 3844 243 3921 2)
267 3845 340 3902 haec
370 3863 430 3901 non
465 3861 586 3920 prorsus
610 3841 768 3920 (siquidem
800 3840 912 3920 aliquid
936 3843 1030 3902 codici
1055 3844 1089 3902 V.
1114 3844 1301 3903 concedimus

126 3948 325 4024 auctoritatis)
355 3945 459 4005 ‘citare
488 3967 510 4003 s.
546 3945 674 4002 secunda
703 3940 847 4004 recensio’
881 3950 933 4018 est,
966 3947 1016 4005 sed
1039 3952 1155 4005 tantum
1186 3949 1255 4004 ‘uua
1285 3967 1301 4003 e

126 4049 238 4106 duabus
268 4043 516 4108 recensionibus':
547 4049 583 4105 ef.
616 4047 707 4106 schol.
737 4048 767 4103 Σ
791 4051 847 4104 182
870 4081 912 4092 -
935 4039 955 4123 ἡ
984 4045 1066 4128 ἑτέρα
1096 4049 1154 4106 τῶν
1179 4042 1224 4108 Ἀ.
1253 4039 1302 4105 διό

124 4135 213 4211 aab}
231 4184 283 4223 —,
307 4143 419 4226 μήποτε
442 4142 467 4207 δ’
489 4143 618 4225 όμείυωυ
648 4140 668 4224 ἦ
690 4146 827 4226 προτέρα,
857 4171 922 4210 eum
953 4151 1045 4212 schol.
1069 4153 1095 4210 V
1124 4152 1161 4209 ad
1187 4150 1220 4206 Π
1240 4155 1300 4208 613

124 4251 155 4314 ἒν
183 4256 219 4337 τῇ
241 4250 323 4335 ἑτέρα
351 4254 408 4312 τῶν
426 4246 471 4310 Ἀ.
496 4246 552 4311 οὐκ
575 4248 694 4330 ἐφέρετο
718 4246 876 4332 καθάπαξ·
909 4250 940 4312 ἐν
972 4249 1003 4311 δὲ
1031 4255 1067 4336 τῇ
1090 4250 1212 4336 δευτέρα
1235 4245 1300 4328 όβε-

123 4349 174 4426 δός
196 4358 305 4436 (Lehrs
329 4357 419 4417 Arist.
442 4379 470 4434 p.
495 4353 568 4431 362)
592 4346 673 4437 αὐτῷ
689 4352 859 4434 παρέκειτο.
1240 4383 1245 4392 ·

1404 2235 1417 2270 0
