2866 4928
609 151 820 217 ,20-

215 324 255 388 de
277 320 404 404 scriptis
425 323 580 388 Demetrii
610 322 689 388 satis
718 319 895 401 expositum
922 336 941 383 a
968 319 1130 385 Beccardo
1159 326 1191 386 et
1213 341 1233 385 a
1256 321 1304 386 La

129 434 248 501 Rocbio
270 434 302 499 11.
324 433 373 514 11,
397 453 415 499 e
437 433 551 514 quibus
573 432 626 499 hic
648 432 744 497 etiam
766 431 994 497 homericarum
1017 430 1103 495 illius
1125 431 1304 497 studiorum

128 545 281 628 quidquid
303 545 394 610 nobis
415 545 568 610 traditum
592 552 641 608 ast
662 543 802 608 breviter
824 547 967 608 recenset
984 546 1024 623 ¹).
1068 549 1165 623 atque
1195 543 1228 607 in
1251 543 1303 608 bis

128 656 251 724 scilicet
273 664 309 721 ut
324 655 492 721 Orateteus
515 655 709 737 improbasse
724 654 910 735 plerumque
925 652 1147 719 Aristarchum
1171 653 1272 719 manif
1290 690 1303 702 ·

128 773 196 834 stus
212 774 277 847 est;
293 787 364 834 cum
379 767 420 832 ab
434 767 529 832 buius
542 767 689 848 partibus
701 771 838 831 stantem
853 765 991 846 prodant
1005 764 1113 831 scholl.
1131 769 1170 829 A
1184 767 1249 832 424
1260 767 1302 849 ²).

93 874 98 883 ’
128 882 159 943 Β
184 880 253 944 199.
285 885 315 943 Γ
335 881 383 946 18.
412 915 454 925 -
483 884 580 961 atque
602 878 823 961 obloquentem
845 876 1031 942 Aristarcho
1061 897 1132 942 oum
1156 876 1302 961 tribus³)

127 1008 251 1071 quoque
273 990 462 1057 scholiorum
484 989 647 1072 Aristoph.
670 990 747 1057 locis
769 990 964 1070 invenimus,
994 989 1023 1053 si
1043 989 1171 1069 quidem
1196 1007 1302 1052 veram

128 1101 281 1181 ducimus,
303 1108 340 1168 ut
361 1121 420 1184 par
442 1108 500 1183 est,
524 1101 707 1169 Schneideri
732 1101 843 1186 (Arist.
860 1100 969 1167 soboll.
991 1100 1084 1166 foutt.
1108 1120 1137 1182 p.
1154 1100 1206 1181 90)
1230 1119 1301 1166 seu-

126 1211 260 1278 tentiam
282 1213 321 1278 ob
345 1212 426 1279 banc
448 1213 550 1295 ipsam
572 1232 640 1280 rem
663 1214 802 1278 Ixionem
825 1212 998 1294 significari
1020 1211 1221 1279 conicientis:
1251 1212 1303 1276 bis

127 1322 210 1387 euim
232 1323 309 1389 locis
330 1323 416 1389 nudo
437 1325 562 1389 nomine
584 1330 717 1390 vocatur
739 1320 931 1412 Δημήτριος,
957 1318 975 1388 b
993 1315 1097 1404 Ἰξίων
1120 1342 1181 1387 uno
1203 1323 1302 1388 schol.

129 1435 183 1497 Av.
210 1433 300 1500 1569.
329 1433 367 1499 cf.
391 1435 545 1500 Gerbard.
576 1436 624 1501 De
646 1435 834 1502 Aristarcho
856 1434 1019 1517 Aristoph.
1041 1435 1171 1516 interpr.
1193 1454 1224 1516 p.
1248 1436 1301 1501 25.

405 1643 472 1716 v1.
524 1643 706 1716 Moschus
733 1643 1008 1736 Syracusanus.

211 1809 326 1875 Snidas
347 1809 396 1888 11,
427 1811 499 1891 lp.
524 1811 604 1876 887:
636 1805 773 1890 Μόσχος
805 1806 1036 1896 Συρυαούσιος,
1065 1807 1299 1896 γραμματικός,

121 1911 336 2002 Ἀριστάρχου
366 1915 533 2005 γνώριμος.
577 1910 670 1999 οὗτός
708 1920 797 1987 ἐστιν
831 1918 849 1986 ὁ
878 1918 1024 2006 δεύτερος
1052 1921 1187 2009 ποιητὴς
1216 1922 1300 2007 μετὰ

127 2025 309 2117 Θεόκριτον,
331 2029 388 2095 τὸν
410 2035 473 2096 τῶν
493 2032 691 2114 βοσκολοκῶν
714 2028 889 2117 δραμάτων
912 2029 1056 2121 ποιητήν.
1094 2028 1221 2119 ἔγραψε
1242 2031 1299 2098 καὶ

124 2133 221 2219 αὐτὸς
242 2140 432 2226 [βοιαολικυί
452 2144 525 2209 add.
549 2145 700 2228 Kuster.].
722 2145 979 2227 Lexicographus
1000 2145 1101 2228 igitur
1122 2146 1207 2228 quod
1229 2147 1297 2209 Mo-

123 2255 251 2333 schum,
273 2253 448 2320 bucolicum
470 2261 596 2335 poetam
619 2256 872 2335 celeberrimum,
900 2258 1033 2320 eundem
1056 2257 1297 2338 grammaticum

124 2363 223 2430 luisse
245 2365 324 2432 dicit
345 2383 479 2448 eumque
500 2367 679 2434 Aristarchi
701 2365 907 2446 familiarem,
934 2386 1000 2432 rem
1023 2385 1212 2451 quamquam
1235 2368 1298 2432 alio

124 2480 208 2542 teste
230 2484 389 2544 carentem
411 2479 514 2544 tradit
535 2498 593 2560 per
615 2497 649 2544 se
671 2479 800 2545 minime
823 2478 1049 2545 incredibilem.
1073 2483 1214 2544 attamen
1231 2477 1299 2542 eius

124 2605 185 2651 uou
214 2589 301 2669 apud
330 2608 438 2654 omnes
466 2589 551 2655 viros
582 2591 691 2656 doctos
719 2589 813 2655 fidem
844 2597 957 2656 nactus
978 2593 1080 2665 est⁴l.
1123 2590 1300 2672 exquibus

123 2762 251 2822 welcber
273 2762 373 2823 Weiss
406 2765 482 2822 auch
504 2765 659 2839 gedentet,
691 2764 860 2839 uumiiglich
891 2764 999 2840 richtig
1020 2765 1092 2826 sein.
1135 2765 1206 2823 Man
1229 2764 1299 2822 sebe

123 2863 314 2937 Scheurleer,
343 2866 379 2924 de
402 2866 552 2925 Demetrio
575 2867 731 2942 Magnete,
752 2886 780 2943 p.
806 2872 843 2925 58
867 2868 906 2941 ff,
930 2888 958 2928 n.
980 2866 1039 2943 vgl.
1062 2867 1138 2926 noch
1160 2866 1299 2943 Apollou.

124 2966 160 3025 de
182 2986 267 3042 pron.
289 2987 317 3044 p.
346 2971 402 3025 114
425 2968 458 3040 Β,
480 2988 526 3027 wo
550 2988 581 3028 es
603 2988 662 3030 von
677 2969 818 3045 Tryphon
842 2969 951 3029 heisst:
978 2964 1236 3047 συγκαταθέμενος
1258 2967 1298 3050 τῷ

118 3061 227 3138 Ἰξίονι.
270 3068 410 3148 Tryphon
433 3071 520 3141 aber,
551 3071 694 3130 demnach
722 3072 903 3130 miudesteus
933 3072 1008 3130 doch
1040 3071 1088 3130 ein
1109 3071 1299 3147 Zeitgeuossc

124 3170 174 3229 des
196 3170 280 3234 Deru.
302 3170 408 3244 Ixion,
430 3171 510 3232 lebte
533 3166 683 3252 (γεγονώς)
706 3165 780 3232 auri
803 3167 873 3242 τούς
895 3165 1072 3251 Αὐγούστου
1093 3167 1218 3250 χρόνους
1246 3173 1297 3232 καὶ

124 3263 286 3351 πρότερον,
318 3274 468 3334 niihmliob
496 3276 539 3334 als
561 3275 642 3334 Sobn
665 3276 716 3334 des
738 3276 929 3349 Ammonius,
958 3277 1008 3336 des
1030 3277 1225 3353 Nachfolgers
1247 3279 1298 3336 des

123 3375 284 3448 Aristarch,
307 3376 443 3435 aiemlicb
465 3377 552 3454 lange
574 3398 629 3439 vor
651 3379 704 3437 dor
725 3378 895 3454 Regioruug
918 3380 976 3437 des·
990 3381 1171 3455 Augustus.“

211 3477 240 3556 l)
264 3479 371 3538 omisso
393 3479 483 3541 schol.
509 3480 535 3538 Ο
560 3485 634 3554 194,
664 3481 743 3561 quod
766 3480 909 3540 Demetrii
931 3481 1088 3541 lectionem
1105 3473 1297 3557 ἀποβήσομαι

122 3579 258 3654 exhibet,
281 3587 312 3641 et
332 3600 385 3659 per
407 3603 534 3643 errorem
557 3583 646 3643 allato
669 3582 759 3646 schol.
783 3583 812 3640 Γ
832 3587 868 3642 18
891 3576 986 3662 αὐτάρ
1008 3575 1036 3655 t,
1058 3603 1124 3644 cum
1146 3584 1298 3660 scripserit

121 3682 193 3741 item
214 3687 308 3763 atque
325 3685 512 3745 Aristarchus
534 3679 626 3765 αύιυὶρ
649 3684 747 3764 δοῦρε.

207 3787 240 3862 2)
263 3788 359 3866 quode
382 3792 417 3850 A.
439 3789 587 3865 Philippi,
622 3789 755 3854 Quaestt.
779 3788 941 3849 Aristarcb.
965 3809 1043 3867 spec.
1065 3810 1125 3867 pr.,
1159 3789 1226 3849 diss.
1254 3789 1295 3848 in.

122 3887 201 3950 oott.
227 3893 317 3963 1865,
339 3910 368 3967 p.
395 3895 442 3952 12.

207 3989 238 4068 3)
259 3992 363 4054 'scholh
384 3993 459 4052 Rau.
485 3998 555 4056 308.
579 3995 648 4057 970.
672 3999 748 4067 990,
779 4013 855 4075 quae
877 3995 941 4055 sine
963 3995 1052 4055 dubio
1076 4014 1114 4053 ex
1135 3993 1213 4052 iusto
1235 3995 1295 4054 De·

122 4096 219 4155 metrii
241 4096 273 4153 in
295 4096 446 4175 Aristoph.
469 4097 679 4156 commentario
700 4097 863 4158 fluxerunt.

208 4199 240 4275 4)
262 4199 359 4259 varias
380 4200 580 4279 antiquiorum
597 4199 764 4260 criticorum
780 4200 942 4260 sententias
956 4199 1000 4259 nil
1014 4200 1099 4260 iuvat
1113 4218 1293 4270 enumerare,

120 4320 149 4363 v.
171 4300 286 4363 Fabrio.
308 4302 357 4359 III
378 4323 408 4379 p.
432 4307 491 4360 804
515 4323 581 4383 sqq.
