2866 4928
604 176 815 241 „23-

122 339 220 407 refert
242 342 336 407 haec:
366 338 534 428 προςῳδία
549 340 721 433 Ὁμηρική,
754 343 830 431 περὶ
853 340 1071 430 Ἑλληνισμοῦ,
1103 339 1173 433 ἤτοι
1195 341 1301 432 ὀρθο·

120 445 218 528 επίας
239 433 352 536 βιβλία
374 447 437 535 te'3
468 453 545 541 περὶ
566 452 693 542 ,ιιέσρανν
706 461 752 537 1);
773 453 850 542 περὶ
872 459 928 544 τῆς
952 452 985 520 ἒν
1003 448 1176 544 Ὀδυσσείᾳ
1203 450 1301 544 Ἀρι-

122 557 260 646 σναὲρχου
283 559 507 650 διορθώσεως
530 565 608 652 περὶ
630 566 791 654 διαφορᾶς
813 563 940 647 λέξεων.
985 564 1055 651 (καὶ
1077 563 1170 654 ἕτερα
1191 592 1300 653 γραμ-

120 668 269 758 ματικοί).
314 677 429 760 quibus
460 697 476 742 e
499 677 627 744 scholiis
655 678 739 742 hom.
761 679 917 745 accedunt
945 679 1026 745 liber
1047 679 1102 745 ille
1125 680 1164 744 de
1186 680 1297 746 schola

122 783 261 854 Cratetis
291 793 325 852 et
353 786 431 873 περὶ
461 786 655 875 συναλοιφῆς
678 788 785 867 (schol.
809 794 839 853 Β
860 789 990 875 4612)).
1035 796 1174 857 ceterum
1205 810 1300 873 quem

122 897 246 964 nomine
268 894 436 984 πραςῳδία
452 893 609 986 Ὁμηρική
631 899 745 965 Suidas
767 900 998 983 complectitur,
1020 902 1082 966 duo
1101 901 1208 983 potius
1224 902 1300 968 libri

121 1005 267 1087 fuerunt,
294 1001 413 1098 Ἰλιακν)
443 1016 476 1076 et
502 1002 713 1098 Ὀδυσσειακι)
751 1007 920 1097 προςρὸία
933 1010 973 1097 ⁸).
1025 1010 1190 1096 (Valckeu.
1222 1015 1300 1078 Am·

122 1136 202 1184 mon.
225 1138 254 1200 p.
280 1120 351 1186 124.
374 1121 413 1186 cl.
436 1121 531 1187 schol.
560 1126 591 1184 d>
612 1122 653 1187 38
663 1123 719 1204 ⁴)).
742 1159 784 1169 -—
806 1121 856 1186 his
870 1121 919 1188 vel
939 1122 1032 1188 nudis
1052 1121 1165 1204 titulis,
1188 1124 1301 1206 quanti

121 1226 267 1295 iacienda
288 1232 331 1296 sit
353 1231 413 1317 uiri
436 1231 596 1312 doctrina,
625 1233 824 1315 perspicitur.
867 1238 1008 1298 attamen
1031 1251 1112 1314 quae
1135 1252 1172 1298 ex
1196 1253 1232 1300 ea
1255 1236 1301 1300 ad

123 1358 178 1405 uos
190 1359 373 1426 pervenere,
393 1343 460 1409 fere
474 1343 578 1408 omnia
600 1344 642 1408 ad
663 1344 845 1426 prosodiam
860 1344 992 1410 Iliacam
1014 1345 1158 1411 redeunt.
1203 1365 1298 1429 quam

122 1451 203 1514 adeo
226 1453 345 1519 multus
359 1454 561 1520 Herodianus
584 1455 760 1537 usurpavit,
783 1460 819 1520 ut
841 1455 1031 1538 praecipuus
1048 1455 1116 1522 eius
1139 1457 1178 1521 de
1200 1455 1299 1522 Iliaca

121 1564 271 1641 prosodia
293 1564 367 1631 libri
388 1565 459 1631 lons
480 1566 578 1632 fuisse
601 1566 774 1631 censendus
797 1565 848 1631 sit.

207 1673 270 1739 iam
293 1675 463 1759 imaginem
486 1676 644 1758 quandam
668 1675 841 1741 Ptolemaei
870 1677 1031 1743 doetrinae
1052 1678 1095 1742 ad
1116 1677 1298 1759 prosodiam

122 1785 297 1865 spectantis
336 1786 558 1853 adumbraturi
588 1787 793 1871 gravissimas
822 1788 889 1853 eius
924 1787 1159 1854 observationes
1188 1787 1299 1871 quales

122 1915 179 1977 per
207 1897 322 1963 scholia
349 1898 384 1962 Il.
413 1898 559 1965 feruntur
591 1899 730 1964 breviter
754 1937 792 1945 *-
817 1917 916 1981 neque
947 1898 1029 1965 enim
1057 1898 1174 1964 iustam
1204 1906 1299 1965 vacat

122 2009 382 2091 monographiam
406 2011 603 2093 perscribere
633 2049 674 2057 —
704 2029 932 2082 recenseamus.
962 2046 1003 2056 —
1033 2029 1070 2074 ao
1098 2009 1235 2091 primum
1265 2009 1299 2074 in

122 2118 260 2199 propriis
298 2120 465 2186 verborum
505 2122 688 2188 accentibus
718 2139 944 2204 saepenumero
979 2140 1050 2187 eum
1081 2121 1224 2187 videmus
1256 2121 1297 2187 ab

123 2227 307 2295 Aristarcho
330 2230 584 2313 dissentientem,
614 2251 709 2315 saepe
732 2250 805 2296 vero
828 2251 899 2297 cum
922 2250 958 2298 eo
980 2229 1156 2298 facientem.
1199 2236 1297 2314 atque

121 2337 342 2406 Aristarchum
365 2347 492 2409 secutus
513 2344 623 2410 scribit
647 2339 768 2420 πόλεας
783 2345 823 2429 ,Δ
845 2343 917 2409 308.
946 2337 1068 2430 ι9ήλεας
1089 2345 1119 2406 Ε
1137 2343 1209 2408 269.
1237 2341 1297 2427 δη-

122 2443 185 2532 μόν
210 2451 323 2518 0240
346 2454 470 2536 (Lehrs,
493 2456 547 2522 Ar.
570 2456 657 2542 311).
702 2448 775 2540 οὔλη
799 2458 832 2518 Κ
855 2452 995 2537 134111).
1026 2453 1112 2531 309).
1158 2447 1236 2541 ζαής
1260 2458 1304 2517 Μ

125 2559 184 2626 157
210 2563 322 2640 (Lehrs
352 2584 402 2648 qu.
430 2584 503 2647 epp.
527 2565 613 2651 155).
657 2562 810 2654 ααρφειαί
836 2571 867 2628 T
884 2564 947 2630 355
974 2564 1099 2645 (Lehrs.
1124 2565 1177 2630 Ar.
1199 2562 1297 2648 268);

124 2673 309 2756 discrepans
331 2694 350 2740 a
372 2677 542 2758 magistro:
565 2667 666 2742 Αἶπυ
689 2682 719 2741 Β
740 2676 814 2758 592,
837 2681 947 2742 contra
968 2673 1024 2764 τὴν
1043 2670 1165 2739 πλείων
1185 2676 1300 2761 χρῆσιν

124 2783 176 2868 (ol.
199 2786 300 2851 Lehrs
321 2787 376 2852 Ar.
400 2787 493 2870 305);
517 2806 707 2870 quamquam
732 2783 840 2873 κύριον
862 2805 931 2852 esse
948 2788 1139 2865 concedens;
1163 2779 1299 2871 ἁμαρτῆ,

123 2894 201 2959 item
225 2892 255 2962 οἳ
278 2893 410 2976 πλείους
432 2906 465 2965 et
479 2899 597 2965 Herod.
620 2901 745 2982 (Lehrs.
760 2904 812 2963 Ar.
828 2898 915 2980 313).
939 2899 968 2960 E
980 2898 1052 2962 656.
1076 2893 1152 2983 [ζὼς
1174 2896 1300 2961 118879

123 3026 152 3072 v.
174 3009 223 3074 La
243 3011 341 3076 Roeh.
371 3010 411 3077 H.
434 3012 469 3076 T.
492 3011 569 3093 264]
602 3012 715 3097 Μεγῆν
741 3010 862 3088 0302,
893 3026 964 3075 eum
995 3007 1084 3089 aliis,
1114 3008 1154 3075 ab
1181 3009 1299 3075 Herod.

123 3117 282 3186 refutatus
313 3123 437 3206 (Lehrs.
460 3123 515 3188 Ar.
538 3124 626 3208 310).
670 3115 810 3206 περανός
845 3120 876 3183 Ω
904 3119 978 3199 316,
1009 3118 1116 3202 itaque
1146 3115 1298 3209 ἡπαρά-

125 3228 216 3308 δοσις
241 3233 410 3318 (thtling.
434 3237 506 3301 Aeo.
531 3233 616 3318 196).
648 3225 730 3320 ἀρῆς
752 3234 782 3296 Σ
803 3231 874 3314 100,
896 3232 1096 3298 adsentiente
1126 3231 1203 3298 Her.
1236 3231 1299 3313 (La

124 3341 230 3408 Roche
251 3344 338 3430 203).
382 3336 600 3426 εὐχετάασθαι
621 3351 652 3409 Ζ
673 3345 736 3410 268
759 3341 873 3426 (thtl.
904 3341 978 3425 102)
1010 3349 1042 3409 et
1074 3336 1175 3407 σόωσι
1197 3341 1298 3408 1393

125 3450 200 3534 (lcf.
223 3453 271 3522 La
291 3456 390 3522 Roch.
413 3458 501 3542 359).
538 3457 594 3523 sed
617 3455 717 3521 multa
740 3459 814 3520 sunt
837 3452 1013 3535 dequibus
1035 3454 1190 3537 quomodo
1213 3451 1297 3518 iudi·

125 3563 206 3628 carit
219 3565 425 3633 Aristarchus
447 3587 508 3634 non
530 3571 668 3633 notatur.
713 3573 746 3631 et
761 3565 961 3631 Herodianus
982 3564 1109 3648 quidem
1130 3583 1202 3629 eum
1224 3581 1298 3644 pro·

123 3686 327 3700 *Ἁ-

215 3738 243 3816 1)
265 3742 423 3802 haeredit
445 3742 536 3803 schol.
558 3741 611 3803 LV
634 3741 671 3800 ad
695 3741 723 3797 Ε
746 3744 818 3798 500.

211 3844 242 3916 2)
265 3836 361 3912 οὕτως
381 3835 561 3922 Ἡρωδιανὸς
576 3839 607 3902 ἐν
622 3842 659 3926 τῇ
674 3835 819 3901 Καθόλου
841 3835 892 3899 καὶ
909 3840 1092 3917 Πτολεμαῖος
1107 3835 1139 3900 ἐν
1154 3839 1195 3921 τῷ
1209 3859 1241 3896 π.
1258 3855 1297 3910 σ.,

124 3945 154 4000 h.
170 3963 196 4002 e.
219 3946 408 4006 Herodianus
431 3951 461 4007 et
484 3948 532 4028 qui
549 3947 586 4006 ab
609 3966 643 4005 oo
665 3945 803 4005 laudatur
818 3944 1022 4004 Ptolemaeus:
1045 3965 1073 4005 r.
1096 3945 1136 4002 M.
1153 3939 1297 4002 Schmidt.

125 4045 191 4105 Did.
216 4053 287 4108 294.
309 4048 381 4109 item
404 4039 655 4125 δ’Λσιιαλωνλτης
675 4043 724 4108 nal
746 4040 933 4129 Ἀρίσταρχος
954 4046 1046 4106 schol.
1070 4047 1099 4103 K
1121 4049 1190 4104 242.

213 4150 244 4228 3)
268 4170 342 4229 quoe
366 4153 454 4213 etiam
476 4155 513 4212 ad
534 4156 634 4231 partes
656 4155 781 4213 vocatur
803 4152 893 4211 schol.
918 4153 946 4209 E
968 4156 1018 4210 39.

212 4253 243 4332 4)
266 4254 317 4313 ubi
350 4254 436 4315 aliter
467 4258 503 4315 da
534 4252 629 4336 οριιηξ
659 4255 741 4315 vocis
773 4253 880 4331 spiritu
910 4252 1056 4313 iudicasse
1082 4250 1114 4310 in
1145 4249 1197 4310 illo
1218 4250 1296 4311 libro

125 4353 261 4428 traditur,
283 4356 371 4418 aliter
391 4358 423 4417 in
445 4359 511 4418 hoc.
