2866 4928
170 939 367 1040 Aristarchi
385 971 610 1055 Samothracia,
626 992 719 1056 quem
735 972 848 1038 vixisse
863 975 1037 1056 probabilis
1053 975 1095 1039 M.
1112 975 1283 1042 Schmidtii

103 1080 271 1156 computus
300 1074 398 1140 efficit
427 1075 499 1138 inde
527 1075 902 1156 ab01.142,4usque
932 1077 1188 1161 an159l1601),
1217 1080 1284 1144 dis-

102 1186 219 1267 ciplina
245 1204 282 1251 ac
312 1185 530 1251 familiaritate
561 1186 640 1252 satis
669 1187 786 1252 multos
818 1205 890 1252 usos
922 1205 990 1254 esse
1021 1193 1147 1253 constat
1178 1207 1282 1270 gram-

101 1297 251 1375 maticos
282 1297 335 1376 qui
367 1316 427 1361 non
458 1297 559 1362 solum
591 1299 735 1379 magistri
758 1298 988 1364 sententiatim
1018 1300 1072 1381 pia
1094 1297 1157 1366 fide
1178 1317 1284 1365 serva·

100 1412 202 1472 tarum
225 1408 406 1490 gravissimi
429 1413 529 1473 testes
552 1410 743 1475 exstiterunt
765 1410 1010 1491 posterioribus,
1040 1409 1185 1492 inprimis
1208 1413 1282 1476 Ari-

99 1519 237 1598 stonico,
260 1518 414 1601 Didymo,
436 1519 602 1601 Nicanori,
628 1519 827 1601 Herodiano,
850 1540 959 1586 verum
987 1521 1083 1586 etiam
1110 1521 1283 1588 observata

28 1710 30 1714 Ι
99 1629 140 1693 ah
163 1630 217 1694 illo
240 1649 374 1712 augere,
408 1629 552 1711 firmare,
583 1632 742 1713 corrigere
764 1632 862 1698 alacri
885 1633 1057 1697 certamine
1079 1632 1282 1698 studuerunt.

99 1759 265 1806 nnmerum
295 1749 401 1806 autem
432 1759 540 1807 eorum
573 1741 640 1806 fere
663 1744 877 1824 qnadraginta
910 1741 1008 1808 fuisse
1032 1742 1147 1808 Suidas
1179 1744 1282 1808 tradit

99 1869 122 1914 s.
147 1870 175 1914 n.
195 1843 426 1937 Ἀρίσταρχοςε
449 1890 491 1900 -
513 1851 664 1938 μαθηταὶ
687 1851 723 1917 δὲ
745 1847 842 1917 αὐτοῦ
864 1851 1083 1938 γραμματικοὶ
1106 1851 1183 1940 περὶ
1205 1855 1280 1932 τοὺς

99 1956 133 2043 μ’
156 1959 355 2046 ἐγένοντοῖ).
401 1964 456 2029 sed
480 1963 513 2028 hi
544 1964 679 2029 multum
703 1965 794 2030 abest
817 1970 853 2029 ut
876 1982 983 2030 omnes
1005 1985 1022 2029 e
1045 1965 1173 2030 disertis
1195 1972 1281 2032 vete-

99 2090 168 2136 rnm
192 2074 383 2139 testimoniis
399 2075 489 2140 nobis
513 2075 580 2139 noti
602 2075 685 2154 sint;
708 2074 871 2140 nonnullos
888 2073 1003 2139 Suidas
1025 2075 1115 2140 nobis
1130 2078 1282 2159 prodidit,

100 2201 218 2265 paucos
241 2184 297 2250 alii
326 2186 516 2268 scriptores:
551 2203 629 2266 quos
652 2205 793 2252 summae
826 2187 910 2251 inter
932 2187 1165 2270 condiscipulos
1184 2186 1281 2253 fnisse
1343 2249 1345 2254 .

100 2297 303 2361 auctoritatis
336 2303 448 2380 sponte
470 2302 572 2381 patet.
616 2304 755 2364 ceterum
786 2304 883 2363 utne
913 2298 964 2365 his
986 2300 1114 2380 quidem
1137 2299 1281 2364 omnibus

98 2407 238 2471 virorum
272 2410 437 2476 doctorum
461 2411 516 2493 qui
538 2416 649 2476 nostra
671 2409 785 2474 florent
807 2415 916 2476 aetate
948 2410 1039 2477 crisis
1061 2427 1098 2474 ac
1122 2410 1281 2475 dubitatio

98 2519 259 2600 pepercit,
283 2539 354 2585 cum
378 2523 478 2587 certis
500 2523 540 2586 de
562 2521 683 2587 caussis
705 2521 789 2587 hunc
812 2521 941 2586 illumve
965 2520 1144 2586 Aristarchi
1169 2539 1186 2584 e
1208 2540 1280 2587 con-

97 2628 242 2695 tubernio
264 2633 489 2697 secludendum
513 2637 723 2713 putaverunt3
747 2632 795 2697 ita
818 2631 874 2697 alii
896 2631 1025 2696 inerunt
1048 2631 1118 2696 aevi
1141 2633 1278 2697 Alexan·

98 2739 181 2805 drini
211 2745 430 2824 grammatici,
462 2762 652 2827 quamquam
686 2744 725 2809 ab
755 2743 833 2824 ipsis
856 2742 1017 2807 veteribus
1046 2743 1085 2808 ob
1109 2743 1204 2807 istam
1227 2744 1279 2808 di-

96 2853 262 2935 sciplinam
280 2873 338 2919 non
355 2855 539 2937 collaudati,
563 2875 641 2937 quos
657 2860 689 2919 et
712 2856 889 2919 studiorum
906 2852 1028 2918 indoles
1052 2857 1085 2916 et
1100 2858 1278 2936 temporum
1353 2947 1356 2950 ι

95 2965 177 3029 ratio
206 2967 370 3047 iniungere
393 2966 438 3031 illi
461 2973 609 3057 catervae
631 2966 803 3033 videretur.
846 2984 911 3047 qua
933 2966 973 3029 de
995 2982 1108 3029 caussa
1130 2965 1277 3046 equidem

96 3077 222 3142 omnino
253 3078 284 3142 in
307 3078 366 3144 hoc
388 3096 488 3159 genus
510 3078 676 3143 literarum
699 3078 725 3143 si
749 3076 825 3159 quid
848 3075 961 3141 afferre
984 3075 1082 3155 lucis,
1104 3080 1161 3139 aut
1184 3077 1277 3158 quid·

94 3187 171 3266 quid
194 3189 299 3256 adhuc
322 3191 362 3254 de
384 3191 445 3256 hac
467 3190 575 3255 schola
589 3188 744 3269 innotuit,
778 3206 949 3269 congerere
971 3207 1008 3254 ac
1032 3204 1194 3252 recensere
1219 3207 1276 3253 nec

94 3317 154 3362 non
179 3301 365 3379 quantulum
398 3305 508 3382 potero
535 3301 677 3367 conterre
710 3300 781 3364 novi
813 3299 904 3363 ninus
927 3317 996 3379 ero,
1018 3317 1132 3381 parum
1155 3318 1276 3381 vereor,
1361 3328 1365 3344 ι

184 3474 213 3549 1)
235 3495 263 3533 v.
286 3475 395 3533 Philol.
419 3477 481 3536 VII
502 3497 531 3552 p.
557 3481 616 3534 366
642 3493 705 3554 sqq.

180 3575 211 3652 2)
234 3578 260 3635 J.
284 3577 409 3653 Matter,
437 3580 522 3638 Essai
545 3576 712 3656 historique
743 3595 794 3634 sur
822 3559 934 3634 l’iloole
965 3570 1192 3645 d’Alexandrie,
1215 3581 1236 3634 t.
1259 3576 1276 3633 I

93 3699 122 3754 p.
141 3682 215 3738 156:
238 3681 435 3759 „Aristarqua
457 3681 608 3758 comptait,
631 3700 690 3737 non
715 3698 768 3754 pas
792 3681 937 3757 quaranta
952 3677 1114 3750 auditeurs,
1137 3696 1170 3736 ce
1192 3697 1276 3736 nom·
1319 3678 1323 3688 ’

93 3781 146 3839 bre
178 3783 269 3841 serait
297 3803 355 3860 peu
387 3784 607 3856 considerable,
647 3782 721 3840 mais
752 3781 896 3860 quaranta
930 3779 1082 3856 disciples,
1124 3780 1175 3858 qui
1206 3800 1275 3856 pro·

92 3880 239 3944 fessbrent
260 3905 307 3944 ses
330 3887 480 3964 principes
503 3888 539 3944 de
562 3886 698 3964 critique,
722 3903 768 3942 ses
790 3882 922 3942 theorias
945 3883 1210 3957 grammaticales.“
1233 3917 1275 3926 -

93 3988 219 4046 eundem
251 4009 407 4048 numerum
436 3991 578 4063 indagare
609 3987 665 4046 sibi
699 3986 782 4047 visus
819 3993 864 4044 est
896 3986 935 4043 Μ.
967 3985 1116 4059 Schmidt,
1151 3981 1274 4064 Didymi

91 4090 227 4164 fragmm.
250 4112 278 4167 p.
303 4096 372 4165 333,
406 4092 483 4168 apud
509 4093 617 4149 Athen.
641 4089 724 4167 Hp.
749 4090 785 4148 71
812 4089 855 4162 B.,
887 4089 939 4147 ubi
962 4094 1064 4148 censet
1085 4107 1139 4164 pro
1164 4077 1207 4156 εἷς
1232 4079 1275 4144 nin

91 4192 151 4249 cciv
173 4185 367 4272 Ἀριστάρχου
390 4195 444 4253 τοῦ
463 4193 668 4274 γραμματικοῦ
689 4191 836 4268 μαθητῶν
851 4193 978 4250 fortasse
1000 4190 1158 4266 legendum
1183 4224 1220 4234 -
1245 4179 1274 4265 μ’

89 4296 243 4371 μαθητῶν.

1075 4393 1102 4445 t
