2866 4928
600 138 811 204 ,56-

203 309 320 386 restat,
359 311 397 372 ut
425 325 543 388 paucos
574 326 652 389 quos
681 308 860 374 Aristarchi
898 308 929 372 in
962 306 1168 374 contubernio
1202 305 1304 371 fuisse

121 416 234 484 lectori
257 436 308 483 me
329 436 452 499 sperem
473 418 693 499 probaturum,
716 437 797 484 nunc
819 418 987 500 proferam.

552 643 655 720 xrx.
695 608 862 716 maara.

205 809 358 889 Chaeris,
404 811 632 892 grammaticus
680 811 808 877 minime
845 811 997 892 ignotnS,
1039 809 1071 874 in
1114 809 1304 890 Homerum,

119 919 309 997 Pindarum,
351 919 598 1001 Aristophanem
642 921 886 988 commentarios
928 920 1072 986 condidit
1114 918 1306 1001 artibusque

119 1035 152 1094 ct
184 1030 315 1096 criticae
346 1037 379 1097 et
407 1033 690 1114 interpretatoriae
722 1032 772 1097 his
809 1033 841 1097 in
879 1032 982 1113 poetis
1019 1029 1201 1096 exercendis
1239 1048 1305 1095 non

118 1193 289 1282 Ἀρμόδιος;
319 1195 473 1283 Ἡρόδικος
495 1205 544 1267 vel
562 1201 776 1285 Ἀρτεμίδωρος
798 1205 961 1264 Dobraeus.
984 1202 1113 1282 praetuli
1133 1193 1305 1281 Ἡρόδικος,

121 1307 205 1366 cuius
236 1300 458 1389 κωμῳδούμενα
487 1314 689 1369 memorantur
717 1310 754 1367 ab
783 1299 957 1366 Athenaeo“
984 1307 1028 1365 ita
1049 1307 1157 1378 Dind.;
1188 1307 1240 1365 sed
1263 1305 1305 1364 si-

120 1408 214 1468 lentio
244 1408 402 1486 praeteriit
432 1430 460 1470 v.
484 1409 512 1468 δ.
534 1411 748 1471 Schneiderum
778 1431 806 1488 p.
831 1414 883 1484 93]
918 1404 949 1468 δὲ
984 1405 1015 1467 ἐν
1044 1411 1107 1478 τοῖς
1137 1406 1305 1490 κωμῳδου-

123 1507 224 1586 μὲυοις
249 1508 301 1569 καὶ
323 1505 374 1569 τόν
387 1503 540 1587 ’Ἀδμήτου
562 1505 751 1592 ἀναγέγραφε
780 1508 929 1590 παραθεὶς
960 1503 995 1568 τό
1018 1512 1071 1570 τοῦ
1094 1509 1247 1588 Κρατίνου
1271 1505 1306 1568 ἔτι

124 1606 285 1691 Χειροόυων
308 1606 520 1691 (Κλειταγόρας
543 1605 626 1697 ᾅδειν
648 1605 727 1697 [ᾅδει
748 1613 802 1693 V],
826 1607 895 1674 ὅταν
916 1604 1063 1689 Ἀδμήτου
1086 1608 1172 1688 μέλος
1194 1605 1304 1695 αὔλῇῖ

120 1706 316 1784 Ἀπολλώνιος
347 1709 377 1772 δὲ
408 1707 426 1774 ό
450 1715 613 1794 Χαίριδος,
646 1709 686 1787 οἱς
703 1709 920 1795 Ἀρτεμίδωρός
953 1731 1044 1789 φησι,
1077 1710 1145 1791 περὶ
1175 1709 1228 1788 μὲν
1251 1716 1306 1789 τῆς

123 1811 320 1896 Κλειταγόρας
341 1819 394 1893 τῆς
416 1818 587 1900 ττοιητρίας,
620 1812 666 1878 ὅτι
689 1811 730 1889 ιδς
752 1811 947 1897 όνδροόνυμον
970 1809 1157 1896 οἷναγέγραφε
1181 1816 1306 1873 Κλειτα-

121 1913 223 1998 γόραυ,
251 1911 418 1995 Ἀμμώνιος
446 1911 594 1998 οἷττελέγχει
621 1915 731 1992 αὐτόν,
763 1919 830 1998 περὶ
854 1916 886 1978 δὲ
907 1923 961 1978 τοῦ
983 1913 1133 1995 Ἀδμήτου
1156 1920 1304 1996 παρεῖχεν.

125 2014 327 2101 [,,Ἀμμω’νιος
348 2057 390 2066 -
413 2026 548 2102 παρεῖχεν
580 2024 679 2082 addidi
712 2044 751 2083 ex
779 2023 814 2083 V.
847 2027 917 2082 ante
949 2026 1085 2099 παρεῖχεν
1113 2021 1227 2100 aliquid
1251 2041 1305 2079 ex·

122 2124 214 2184 oidit“
236 2125 342 2205 Dind]
365 2127 402 2184 ad
425 2127 504 2206 quod
526 2127 633 2199 schot,
663 2145 721 2206 quo
752 2127 789 2184 ad
812 2126 955 2184 maiorem
977 2145 1040 2184 rem
1063 2128 1167 2184 contra
1188 2123 1304 2200 pleros·

123 2247 180 2307 que
201 2228 283 2288 viros
315 2229 417 2288 doctos
450 2227 658 2287 stabiliendam
680 2233 853 2302 argumento
876 2228 1043 2286 Ahrensius
1069 2245 1141 2285 usus
1163 2231 1208 2285 est
1229 2225 1304 2303 (Bu-

123 2330 177 2388 col.
200 2331 249 2392 Gr.
272 2330 337 2390 relh
359 2331 393 2389 11
415 2350 443 2408 p.
466 2330 605 2390 XXXVI
628 2332 723 2410 sqq.),
747 2350 808 2389 non
831 2330 895 2388 sine
916 2330 1113 2390 haesitatione
1134 2326 1303 2402 aggredior.

123 2434 232 2492 etenim
254 2433 398 2493 hocloco
422 2452 487 2492 cum
511 2432 704 2508 Apollonium
733 2434 771 2491 ab
794 2433 952 2491 Ammonio
974 2432 1073 2492 refelli
1094 2431 1305 2491 Artemidorus

123 2537 250 2610 referat,
273 2535 463 2595 Ammonium
484 2541 553 2612 post
576 2536 785 2595 Aristarchum
807 2540 903 2594 aetate
925 2536 1094 2613 proximum
1116 2534 1208 2592 fuisse
1230 2553 1306 2613 quo·

123 2639 204 2697 niam
232 2637 319 2697 nobis
350 2643 496 2715 constat,
513 2638 706 2714 Apollonium
729 2639 881 2698 Ohaeridis
904 2638 1000 2698 filium
1024 2637 1200 2715 putantibus
1223 2636 1305 2694 diffi-

123 2741 218 2800 cultas
248 2740 318 2799 inde
348 2739 461 2799 oriatur
489 2740 673 2813 gravissima.
718 2741 769 2800 sed
798 2741 878 2800 istud
901 2741 1047 2801 scholium
1070 2758 1206 2813 magnam
1227 2738 1305 2797 mihi

123 2863 243 2904 movere
266 2844 363 2902 fateor
379 2841 586 2920 suspicionem.
630 2863 728 2922 neque
750 2844 830 2902 enim
845 2864 967 2921 possum
989 2843 1061 2902 satis
1083 2842 1184 2902 mirari
1206 2847 1304 2900 totam

124 2944 273 3006 enuntiati
290 2951 484 3005 structuram:
502 2937 719 3014 Ἀπολλώνιος
742 2980 793 3019 -,
817 2937 858 3015 οἷς
878 2939 1092 3024 Ἀρτεμίδωρός
1114 2963 1159 3016 cp,
1181 2939 1250 3022 napi
1272 2965 1305 3017 μ.

122 3071 147 3108 τ.
167 3050 203 3106 Κ.
225 3082 277 3118 -,
301 3041 347 3106 δτι
369 3039 409 3116 ὥς
432 3039 459 3105 ό.
484 3039 512 3104 α’.
538 3047 586 3120 Κ,
605 3040 775 3122 Ἀμμοόυιος
790 3040 939 3128 οἷττελέγγει
961 3040 1074 3106 αὐτόν
1096 3079 1149 3120 -,
1172 3065 1247 3127 quae
1269 3052 1306 3106 nt

123 3152 211 3211 nimis
246 3151 378 3212 difficilis
409 3155 440 3209 et
471 3141 684 3218 inordinatior
718 3152 755 3209 ab
788 3151 1015 3211 scholiastarnm
1045 3149 1164 3210 dicendi
1193 3169 1304 3223 genere

123 3255 211 3316 valde
238 3254 312 3314 mihi
343 3254 462 3314 videtur
492 3253 669 3330 discrepare.
712 3252 772 3311 iam
801 3258 899 3319 tecum
929 3259 1036 3331 reputa
1059 3272 1168 3333 quaeso
1191 3257 1304 3312 certam

125 3358 273 3437 quandam
294 3357 345 3416 hio
366 3355 469 3415 haberi
493 3354 726 3433 oppositionem:
749 3348 797 3413 ότι
820 3391 859 3400 —
883 3348 1093 3434 Κλειταγόραυ,
1116 3391 1159 3399 -
1179 3350 1247 3432 ττερὶ
1271 3348 1304 3413 δὲ

123 3462 178 3520 τοῦ
198 3452 346 3535 Ἀδμήτου
369 3461 516 3536 παρεῖχεν,
540 3463 630 3536 atque
652 3458 726 3516 haeo
749 3459 868 3537 quidem
891 3460 948 3518 duo
966 3459 1087 3518 nomina
1110 3459 1246 3518 exhiberi
1269 3460 1302 3518 in

123 3584 213 3625 versu
234 3563 287 3622 illo
310 3561 424 3622 Cratini
446 3562 484 3618 ab
506 3559 656 3618 Herodian
679 3560 817 3620 excitato.
863 3562 933 3641 quid
954 3560 1066 3620 multa?
1094 3564 1153 3622 huc
1174 3561 1303 3622 inclinat

122 3666 276 3739 indicium,
299 3685 367 3724 eum
390 3663 442 3742 qui
463 3668 497 3721 ut
519 3662 714 3722 masculinum
736 3684 844 3724 nomen
868 3665 1047 3738 Glitagoram
1070 3665 1217 3736 exhibuit,
1240 3685 1301 3724 non

123 3770 216 3830 fuisse
244 3766 453 3846 Apollonium,
484 3765 535 3824 sed
565 3765 690 3826 eundem
716 3766 803 3826 illum
832 3767 884 3847 qui
914 3768 1073 3827 Admetum
1103 3759 1302 3846 α’ναγέγραφε,

123 3879 158 3934 ut
181 3872 360 3943 existimem,
390 3868 588 3941 Herodicum3
617 3889 704 3948 quem
734 3871 770 3930 da
792 3871 943 3946 clicagora
972 3873 1010 3930 ab
1033 3871 1191 3949 Apollonio
1221 3872 1303 3930 refu-

123 3981 219 4038 tatum
242 3996 321 4052 esse,
352 3974 388 4033 de
411 3973 536 4031 Admeto
567 3973 741 4050 probatum;
774 3974 925 4034 Ammonii
954 3993 1026 4036 vero
1050 3994 1159 4033 nomen
1181 3974 1302 4033 nonnisi

125 4100 180 4158 par
208 4097 339 4138 errorem
364 4075 534 4154 irrepsisse,
567 4076 646 4155 quod
679 4097 716 4137 ex
744 4077 853 4137 iterato
882 4077 1037 4156 Apollonii
1065 4077 1185 4135 nomine
1213 4076 1303 4136 facile

124 4181 279 4260 putaveris
299 4185 445 4242 exortum.
479 4183 513 4238 ut
532 4179 614 4238 hunc
638 4181 701 4239 fare
725 4180 754 4238 in
778 4182 897 4240 modum
920 4180 1012 4240 schol.
1036 4184 1137 4256 putem
1158 4179 1303 4255 scripturn

125 4285 234 4346 fuisse:
257 4275 413 4366 Ἡρόδικος
435 4277 467 4341 δὲ
490 4277 521 4341 ἐν
543 4284 605 4352 τοῖς
627 4279 876 4368 κοιμροδουμὲνοις
897 4278 946 4341 καὶ
970 4275 1022 4358 τήν
1045 4280 1072 4359 [ἓ
1094 4273 1156 4355 τόν]
1181 4282 1304 4342 Κλειτα-
