2866 4928
604 182 816 248 -76-

122 355 179 421 sed
203 353 253 419 cui
275 358 458 434 connptum
479 354 542 418 iam
565 358 679 434 poetae
701 351 840 432 verbum,
863 356 899 418 ut
921 351 1056 434 videtur,
1078 351 1302 434 explicandum

121 470 191 532 erat
222 469 244 547 ).
267 501 309 513 -
332 464 450 530 multus
479 462 542 529 fuit
572 464 625 528 ille
655 466 687 530 in
721 464 816 530 rebus
837 463 1046 546 explicandis,
1068 462 1301 547 qualiacunque

125 579 165 642 ad
190 576 364 642 sententias
386 581 499 658 poetae
521 575 750 656 intellegendas
771 576 925 656 valerent,
947 574 1089 639 afferens.
1133 576 1190 640 sed
1212 576 1301 641 haud

120 706 194 753 raro
224 688 255 752 in
286 704 409 752 errores
437 685 558 751 incidit.
602 691 638 751 ut
669 686 763 752 schol.
792 688 849 753 Av.
882 687 945 753 266
975 686 1127 751 maiorem
1156 685 1302 768 profudit

120 798 297 864 doctrinam
329 817 424 882 quam
454 815 534 878 quae
566 801 622 862 aut
653 816 732 879 opus
764 803 849 863 esset
878 799 918 862 ad
941 796 971 860 h.
994 796 1014 861 l.
1043 796 1300 879 perspiciendum

120 913 176 974 aut
198 915 276 992 apta
289 912 329 990 2).
374 909 456 974 male
478 900 769 989 αὐτοσχεδιάζοντα
790 907 898 990 prodit
920 907 1015 973 schol.
1037 907 1095 972 Au.
1118 907 1198 988 997;
1229 907 1301 973 feli·

123 1019 189 1084 cius
217 1021 273 1085 dv.
305 1020 374 1087 798.
427 1020 466 1086 de
496 1016 767 1105 κωμῳδουμένοις
798 1025 873 1085 sunt
903 1018 999 1085 schol.
1030 1019 1088 1084 Av.
1120 1018 1212 1100 1379,
1244 1019 1300 1084 ubi

121 1131 260 1214 Didymo
290 1131 345 1196 ille
373 1131 499 1211 quidem
528 1130 698 1212 probatur,
736 1131 934 1213 improbatur
960 1129 1163 1212 Symmach03
1200 1131 1297 1214 Vesp.

120 1242 191 1324 673,
221 1242 274 1307 ubi
305 1241 432 1307 diversa
463 1242 501 1305 de
525 1240 631 1307 Oonno
643 1242 673 1324 1)
707 1242 890 1307 afferuntur.
934 1242 977 1306 ad
1006 1241 1170 1307 literarum
1197 1241 1300 1308 histo-

121 1352 201 1417 riam
224 1357 370 1434 spectant
402 1352 499 1418 schol.
520 1353 605 1419 Plut.
628 1353 691 1419 385
722 1356 762 1419 de
784 1351 1011 1436 Pamphilo⁴);
1045 1352 1104 1416 Ar.
1128 1353 1210 1420 1403
1244 1353 1301 1421 ubi

101 1518 103 1523 ,
121 1466 207 1546 qnod
228 1469 396 1530 autumare
411 1461 512 1529 fertur
534 1483 605 1530 curn
622 1465 792 1546 Antipatro
809 1466 946 1544 iunctus,
969 1463 1175 1546 redarguitur
1189 1468 1300 1531 aueto-

120 1576 218 1641 ritate
241 1573 433 1653 Aristotelia,
455 1593 506 1655 ap.
528 1575 629 1641 Procl.
654 1575 753 1660 14⁵);
776 1574 858 1640 Nub.
882 1575 977 1652 12643
1010 1574 1051 1638 ad
1073 1574 1299 1657 antiquitates:

122 1685 341 1767 Ρ111.9046).
385 1687 464 1751 Rau.
497 1685 579 1751 1093
611 1685 831 1767 (probabiliter
864 1685 1006 1751 restituit
1034 1685 1225 1770 Kusterus);
1257 1688 1300 1752 ad

120 1815 187 1860 rem
211 1796 457 1878 mythologieam
480 1797 538 1860 Au.
563 1796 654 1876 1536,
687 1796 742 1863 ubi
768 1797 854 1862 haud
878 1799 1109 1863 contemnenda
1140 1814 1175 1862 se
1196 1797 1301 1863 imbu-

120 1914 185 1973 tunr
208 1909 341 1991 praebet
372 1908 531 1987 doctrina;
555 1905 592 1973 cf.
616 1907 745 1972 Diodor.
767 1908 824 1987 ΠΙ,
848 1906 900 1989 67,
922 1927 960 1975 ac
982 1929 1011 1974 v.
1033 1909 1068 1973 L.
1091 1907 1238 1973 Diodori.
1266 1909 1299 1974 in

121 2019 212 2084 Thes.
228 2037 252 2084 s.
267 2040 296 2084 v.
314 2012 484 2084 Βασίλεια.
507 2056 549 2065 -
571 2018 772 2101 proverbium
787 2018 934 2101 explicat,
957 2025 989 2083 et
1005 2026 1091 2085 reete
1106 2019 1174 2084 sine
1189 2019 1299 2102 dubio,

123 2188 342 2226 *ἢ

210 2314 243 2392 1)
265 2318 380 2373 reatum
395 2313 505 2373 vidisse
527 2313 601 2371 mihi
623 2313 742 2374 videtur
756 2312 863 2385 Bentl,
888 2313 937 2392 qui
962 2315 1070 2390 λαῖγμα
1085 2317 1192 2389 poetae
1212 2313 1303 2373 resti-

121 2416 196 2488 tuit,
231 2417 309 2495 quod
339 2415 493 2477 vindicant
524 2415 632 2474 oodiois
662 2416 736 2474 Ven.
768 2413 958 2495 (quamquam
991 2435 1068 2475 man.
1098 2416 1172 2490 reo.)
1194 2417 1303 2492 λαῖτμα

124 2519 285 2597 eademque
308 2538 355 2595 ap.
377 2518 458 2578 said.
484 2538 506 2577 s.
528 2520 560 2578 h.
582 2539 611 2579 v.
634 2519 667 2575 in
690 2519 802 2595 optimo
824 2519 888 2577 aod.
905 2519 998 2578 Paris.
1036 2522 1076 2597 (A
1098 2518 1302 2596 Bernhardyi)

122 2623 269 2698 scriptura
291 2626 428 2694 exstans,
462 2621 569 2680 collata
591 2621 689 2696 glossa
710 2619 855 2697 Hesyehii
893 2619 1051 2698 λαίγματα·
1081 2616 1228 2695 πέμματα.
1276 2617 1308 2679 οἱ

122 2719 154 2782 δὲ
175 2723 335 2802 σπέρματα.
380 2716 444 2801 ἱεραὶ
477 2715 664 2802 αἶπᾶργματα.
710 2722 899 2799 comparandi
929 2728 1085 2800 praeterea
1116 2723 1204 2782 Phot.
1228 2727 1302 2796 201,

125 2831 163 2885 14
185 2819 347 2905 loiyporu,
370 2820 434 2906 ἱεραὶ
458 2817 652 2904 ἆπάργματα,
676 2825 756 2885 Suid.
780 2846 803 2886 s.
826 2845 854 2886 v.
876 2826 966 2900 λαῖμα
987 2825 1021 2884 Π
1044 2825 1155 2900 [⁴serib.
1177 2819 1301 2903 λαῖγμα’

120 2931 247 3002 Bernh.;
278 2931 402 2989 eandem
424 2929 519 3003 igitur
541 2947 630 3009 quam
653 2929 805 3005 Aristoph.
830 2927 1029 3004 corruptelam
1049 2948 1206 3006 perpessus
1229 2929 1303 3006 astl·

120 3026 153 3090 τό
178 3024 274 3107 ἱερόν,
298 3033 398 3105 θῦμα;
422 3032 550 3090 Cramer.
573 3035 631 3090 An.
654 3032 695 3104 Π,
719 3037 748 3104 9,
775 3035 811 3088 13
834 3031 951 3108 λαῖγμα,
974 3021 1007 3089 τό
1035 3022 1124 3108 ἱερόν.
1149 3063 1190 3074 -
1213 3050 1243 3092 v.
1268 3031 1303 3094 G.

125 3134 261 3194 Dindorf.
284 3135 317 3193 in
339 3135 425 3193 Thes.
449 3155 470 3192 s.
493 3135 523 3193 h.
546 3154 574 3195 v.

209 3237 241 3315 2)
264 3238 366 3296 eadem
399 3237 500 3296 fabula
528 3236 639 3310 legitur
669 3255 715 3314 ap.
747 3236 862 3294 Aelian.
886 3236 925 3294 H.
950 3237 985 3294 A.
1008 3235 1109 3309 XVII,
1136 3239 1183 3296 13.
1227 3235 1304 3295 item

124 3359 170 3418 ap.
195 3339 273 3400 Plut.
297 3361 370 3399 mor.
395 3344 454 3398 681
480 3341 510 3412 0,
533 3338 634 3419 aliqua
655 3344 755 3398 tamen
778 3359 816 3398 ex
837 3342 922 3414 parte
945 3343 1093 3398 correcta:
1120 3338 1198 3397 unde
1221 3337 1305 3400 vide·

122 3448 173 3502 tur
194 3443 385 3520 descripsisse
406 3442 560 3502 Heliodor.
583 3441 724 3518 Aethiop.
749 3447 776 3514 3,
802 3445 829 3499 8.

210 3545 242 3623 3)
265 3547 372 3627 quibus
402 3546 435 3604 in
465 3543 713 3621 interpretandis,
744 3545 780 3601 ad
803 3541 1005 3602 Callistratum
1028 3546 1171 3621 quantum
1194 3543 1307 3604 attinet

124 3654 154 3707 et
175 3649 391 3726 Euphronium,
414 3647 515 3707 neseio
538 3665 575 3706 an
592 3647 732 3706 audacior
753 3647 844 3705 fuerit
866 3645 1021 3719 Bergkius,
1045 3646 1154 3705 Oomm.
1178 3645 1214 3704 de
1236 3645 1305 3706 rell.

125 3770 197 3810 eom.
220 3756 272 3811 att.
296 3757 366 3824 ant,
388 3751 439 3810 ubi
463 3749 597 3827 pluribus
620 3751 656 3808 de
679 3750 781 3810 (launo
804 3750 868 3823 agit
889 3768 917 3824 p.
941 3749 1076 3809 tar-75.

211 3854 243 3930 4)
266 3855 302 3912 de
330 3853 388 3913 isto
422 3851 586 3912 audiendus
618 3851 765 3925 Fuhrius,
796 3852 828 3910 in
851 3852 927 3910 Mus.
950 3853 1046 3912 Rhen.
1082 3850 1161 3910 1837
1186 3872 1215 3929 p.
1240 3857 1304 3910 422

124 3975 198 4035 sqq„
237 3958 287 4035 qui
319 3955 503 4034 probabilius
538 3955 643 4015 statuit
673 3956 709 4013 de
738 3954 852 4030 tragico
876 3959 964 4032 poeta
993 3953 1118 4028 eogitari
1149 3973 1238 4034 quam
1267 3954 1306 4014 de

116 4058 246 4134 pictore.

212 4160 242 4238 5)
265 4182 293 4222 v.
315 4163 425 4221 Bernh.
447 4159 539 4221 HLG.
562 4161 596 4219 Π
620 4161 680 4219 673
705 4179 769 4241 sqq.

150 4248 157 4255 ¹
211 4262 244 4342 6)
267 4265 346 4345 quod
374 4269 469 4324 totum
498 4263 667 4341 Euphronii
698 4283 761 4322 esse
793 4283 899 4323 censeo
933 4262 1039 4323 collata
1069 4260 1245 4340 praesertim
1269 4282 1307 4323 ea

128 4365 233 4426 scholii
256 4369 358 4442 forma,
383 4387 470 4447 quam
494 4367 639 4426 exhibent
660 4366 743 4427 aodd.
765 4363 859 4426 RV&
