2866 4928
613 180 825 245 ..70-

139 342 195 414 du
217 345 251 413 ἕν
275 340 475 434 Ἀμαρύνθῳ
498 343 517 435 ἡ
539 345 715 429 Κολαινίς,
745 345 799 412 ded
823 345 860 411 ed
881 346 939 413 τὸν
957 341 1186 432 Ἀγαμέμνονα
1207 353 1317 415 θῦσαι

133 452 213 547 αὐτῇ
242 455 309 523 ἐκεῖ
338 457 429 543 κριὸν
457 455 572 523 κόλον·
605 457 665 524 ἐπὶ
693 455 810 546 ταύτης
832 456 868 523 δὲ
890 455 1104 543 Καλλίμαχος
1126 457 1229 543 &aar
1255 459 1318 545 [sic

133 570 239 654 codd]
262 608 304 616 —
326 570 381 635 ubi
403 572 470 636 sine
492 570 587 636 dubio
612 570 841 637 Callimachum
864 571 943 636 citat
964 570 1176 653 Euphronius.
1212 571 1318 654 quid?

135 688 209 746 tune
231 688 327 764 putas
349 680 512 763 aequalem
534 680 601 746 fere
622 687 749 762 poetam
777 682 808 745 in
833 700 866 745 re
887 681 1075 762 praesertim
1099 683 1319 766 mythologiea

133 792 165 857 in
187 792 404 858 testimenium
427 793 557 859 vocari?
594 798 700 858 umen
730 810 789 856 nen
819 791 949 856 nimium
971 791 1045 857 huic
1067 793 1115 858 rai
1136 793 1317 876 tribuerim,

135 904 281 987 quoniam
304 901 374 968 fieri
394 904 537 984 potuisse
558 903 636 968 illud
659 903 893 970 concedendum
915 909 974 968 est.
1011 904 1068 969 sed
1091 903 1179 968 aliud
1202 902 1318 986 habeo,

135 1020 221 1098 quod
243 1015 372 1081 maioris
394 1014 545 1079 momenti
568 1017 625 1078 est.
658 1013 776 1079 videsis
793 1013 890 1080 schol.
905 1013 1001 1094 Vesp.
1019 1015 1097 1080 696:
1121 1051 1162 1061 -
1184 1006 1318 1099 Εὐφρό-

135 1149 204 1204 νιος
225 1123 339 1191 δὲκαὶ
361 1121 606 1213 σεσημειώσθαί
621 1145 728 1211 φησιν,
752 1117 805 1188 ὅτι
826 1122 882 1189 τόν
904 1126 985 1188 θῖνα
1003 1117 1180 1210 ἀρσενικῶς
1196 1119 1242 1202 ὡς
1260 1124 1318 1190 καὶ

126 1231 269 1324 Ὅμηρος
299 1230 423 1322 εἴρηκεν
451 1274 502 1302 -.
531 1237 596 1303 iam
627 1236 832 1316 circumspice
855 1253 971 1316 quaeso
1005 1254 1183 1317 aqnonam
1206 1236 1320 1302 critico

136 1367 207 1413 eum
239 1368 267 1414 v.
298 1349 544 1434 σεσημειῶσναι
570 1347 630 1414 tibi
659 1348 873 1429 persuadeas,
904 1346 931 1411 si
960 1346 1181 1428 Euphronium
1203 1365 1316 1412 eorum

137 1476 278 1536 numero,
300 1459 356 1541 qui
377 1459 507 1525 criticae
528 1459 608 1524 artis
631 1457 839 1524 fundamenta
861 1461 1045 1540 posuerunt,
1068 1457 1224 1538 iniungas
1250 1457 1320 1522 iru-

136 1573 205 1634 stra
228 1569 443 1651 circumspicis
466 1571 573 1635 credo:
596 1568 712 1633 etenim
735 1587 836 1650 neque
852 1567 1066 1633 Callimachus
1089 1569 1257 1649 (Zenodoti
1280 1588 1321 1634 ne

138 1677 254 1744 mentio
276 1680 403 1761 quidem
426 1678 586 1765 facienda)
609 1680 728 1744 iustum
748 1679 1008 1744 commentarium
1023 1679 1055 1743 in
1073 1679 1321 1760 Aristophanem

139 1789 268 1872 scripsit
297 1810 397 1873 neque
428 1792 657 1857 Eratosthenes
685 1791 847 1872 propriam
879 1790 907 1853 ei
937 1808 1065 1870 operam
1088 1790 1259 1872 impendit3
1290 1812 1321 1858 u.

141 1900 322 1968 Schneider.
345 1922 375 1984 p.
399 1903 449 1970 86.
481 1904 563 1968 adde
593 1903 678 1985 quod
700 1899 907 1966 Aristarchus
930 1900 1055 1965 demum
1079 1918 1149 1965 cum
1172 1905 1323 1966 netarum

139 2012 322 2079 criticorum
345 2015 529 2097 ampliorem
553 2013 696 2080 condidit
718 2030 826 2089 usum,
850 2016 917 2076 tum
942 2011 1049 2093 diplen
1072 2013 1113 2076 ad
1137 2011 1245 2075 varias
1266 2030 1324 2077 no-

140 2127 256 2191 tandas
283 2145 335 2191 res
358 2124 468 2209 (velut,
491 2126 524 2190 id
546 2125 632 2207 quod
654 2124 707 2188 hic
729 2122 900 2198 habemus,
931 2140 1007 2186 usus
1030 2121 1156 2188 dicendi
1177 2123 1323 2216 proprie-

140 2238 255 2328 tatem)
278 2237 433 2303 adhibuit.
466 2237 576 2319 itaque
598 2273 640 2283 -
662 2253 701 2299 ne
724 2233 846 2299 diutius
863 2250 1023 2297 moremur
1045 2269 1086 2279 -
1109 2232 1243 2298 dubium
1259 2252 1323 2299 non

140 2348 284 2429 videtur,
314 2368 333 2411 a
363 2366 425 2431 quo
455 2348 519 2412 iste·
547 2367 574 2412 v.
598 2339 829 2429 σεσημείωται,
861 2344 937 2425 quin
971 2343 1015 2408 sit
1037 2343 1252 2409 Aristarchus.
1285 2350 1326 2411 ut

141 2478 201 2524 non
225 2458 326 2524 solum
347 2459 385 2524 R.
409 2458 577 2524 Schmidtii
599 2457 811 2524 coniecturam
834 2455 922 2520 illam
945 2454 1120 2532 reiciamus
1143 2455 1201 2519 sed
1224 2456 1324 2521 etiam

142 2575 175 2634 et
205 2576 278 2652 post
304 2569 526 2635 Aristarchum
556 2567 699 2635 floruisse
732 2572 764 2632 et
801 2567 884 2630 inter
915 2566 1088 2646 discipulos
1104 2607 1108 2615 -
1124 2564 1192 2628 eius
1224 2564 1326 2633 fuisse

142 2680 362 2763 Euphronium
385 2687 573 2746 statuamus.

228 2792 367 2857 atenim
390 2811 456 2856 rem
487 2791 576 2857 nobis
607 2810 676 2858 essa
698 2810 770 2858 cum
792 2792 836 2856 M.
860 2786 1036 2856 Schmidtio
1059 2787 1121 2851 iam
1144 2776 1324 2856 fatendum:

144 2903 233 2968 cuius
268 2920 349 2966 nunc
378 2903 504 2967 demum
539 2920 651 2968 nomen
682 2902 778 2967 affero
807 2906 994 2983 propterea,
1031 2899 1115 2980 quod
1146 2916 1227 2963 unus
1267 2900 1331 2965 ned

145 3015 228 3080 sicut
250 3013 349 3078 ceteri
379 3031 456 3095 ques
486 3032 583 3095 supra
605 3012 734 3077 laudavi
763 3012 823 3078 uiri
855 3012 941 3077 docti
964 3029 1032 3075 rem
1065 3009 1169 3075 obiter
1197 3013 1330 3078 strinxit

144 3125 195 3191 vel
218 3125 301 3206 quod
333 3124 393 3189 sibi
416 3124 579 3190 videretur
601 3123 788 3205 simpliciter
808 3123 1044 3205 pronuntiavit,
1076 3123 1134 3187 sed
1155 3121 1256 3188 fusius
1278 3128 1330 3188 at-

145 3255 207 3318 que
229 3235 410 3302 accuratius
433 3236 473 3300 de
488 3234 673 3316 Euphronio
688 3234 764 3315 egit,
787 3233 917 3315 Didymi
940 3231 1085 3313 fragmm.
1107 3253 1138 3315 p.
1153 3234 1226 3300 294.
1249 3233 1330 3315 2953

145 3348 200 3414 ubi
222 3348 260 3412 R.
284 3347 453 3413 Schmidtii
475 3346 613 3428 opinioni
635 3345 681 3411 illi
697 3345 871 3410 assentitur
894 3348 927 3408 et
950 3345 1038 3409 haud
1053 3344 1137 3410 levia
1159 3344 1251 3409 addit
1266 3343 1330 3409 iul-

147 3458 292 3523 eimeeta.
337 3459 393 3524 sed
417 3477 455 3522 ne
478 3458 528 3522 his
550 3457 677 3539 quidem
700 3475 739 3520 ne
754 3455 939 3520 Aristarcho
962 3456 1168 3536 posteriorem
1191 3455 1329 3520 iudicem

148 3570 366 3652 Euphronium
382 3569 572 3650 persuaderi
593 3567 672 3631 mihi
688 3566 831 3631 dixerim.
868 3572 965 3648 atque
987 3565 1067 3631 illud
1083 3565 1220 3647 quidem,
1243 3567 1331 3646 quod

147 3681 282 3746 maxime
313 3701 362 3746 me
393 3699 519 3746 movere
550 3698 647 3761 supra
679 3680 762 3760 dixi,
791 3684 825 3743 et
856 3679 961 3760 ipsum
984 3676 1072 3741 illum
1101 3676 1183 3741 male
1205 3676 1329 3742 hahuit.

148 3793 226 3857 dicit
242 3793 340 3878 enim:
365 3812 465 3872 „unus
487 3811 537 3856 me
551 3791 767 3872 locusVespp.
791 3790 853 3855 694
877 3794 1008 3869 propter
1024 3787 1211 3852 vocabulum
1232 3806 1329 3872 σεση-

31 3967 33 3970 ,
147 3906 318 3989 μειῶσθαι
347 3910 461 3986 uexat,
496 3905 552 3968 sed
586 3901 751 3968 confodere
782 3900 885 3966 locum
918 3899 1132 3983 Chrysippus,
1161 3898 1331 3982 Lycophro

148 4017 417 4082 Eratosthenesve
447 4017 624 4097 poterant.“
668 4031 744 4078 sane
776 4010 942 4076 confodere
980 4012 1142 4092 poterant:
1178 4009 1235 4074 sed
1270 4027 1332 4092 ego

150 4148 211 4194 non
234 4134 301 4192 tam
325 4124 523 4192 confodiendi
551 4126 582 4191 in
605 4145 641 4190 eo
664 4125 812 4218 eupatoria
834 4122 936 4187 inesse
968 4120 1125 4187 notionem
1147 4121 1331 4202 putaverim

150 4259 244 4322 quam
267 4240 375 4322 diplen
397 4239 585 4319 apponendi,
608 4255 701 4319 quam
726 4235 780 4317 qui
802 4238 993 4316 apponeret,
1014 4231 1178 4313 proprium
1201 4233 1331 4303 dicendi

150 4356 264 4434 poetae
286 4369 380 4418 usum
403 4365 536 4430 cumque
558 4348 696 4413 Homero
719 4364 915 4414 communem
938 4344 991 4410 hic
1012 4342 1123 4409 haberi
1149 4340 1332 4426 significare
