2866 4928
624 238 836 312 -68-

133 413 233 478 tarios
255 415 287 479 in
310 413 560 497 Aristophanem
582 417 776 494 condiderit;
799 417 854 499 qui
869 416 1087 482 commentarii
1101 415 1231 498 proprie
1245 416 1318 481 lau·

135 525 255 590 dantur
277 524 373 590 schol.
395 527 453 591 Av.
479 527 578 592 1403:
606 519 828 613 Ἀντίπατρος
850 524 887 591 δὲ
908 523 965 590 καὶ
986 519 1166 613 Εὐφρόνιος
1188 523 1222 590 ἐν
1244 529 1317 603 τοῖς

133 629 346 723 ὑπομνήμασί
367 656 450 720 φασι
472 674 525 701 -.
548 645 716 719 praeterea
732 645 839 704 autem
862 638 889 702 is
911 645 1174 703 commemoratur
1195 638 1246 703 his
1269 639 1315 702 lo·

132 745 194 812 cis:
226 746 341 811 Athen.
370 748 426 830 XI,
456 749 520 814 495
555 748 588 814 0.
611 749 663 813 Et.
686 749 729 812 M.
753 766 776 812 s.
799 767 827 812 v.
851 743 1012 834 ἐνεργμός.
1056 749 1161 813 Tzetn.
1192 749 1225 812 in
1251 749 1314 831 Ly·

134 857 336 939 opportet.
368 858 460 924 Phot
483 860 544 926 lex.
568 858 639 939 165,
672 861 720 925 11.
744 860 816 938 383,
838 859 891 924 21.
919 859 1056 943 Hesych.
1087 879 1112 925 s.
1135 878 1163 924 r.
1192 857 1313 923 λακκο-

134 966 253 1034 σπέδα.
292 969 388 1035 schol.
418 969 548 1053 Dionys,
578 971 654 1036 Thr.
686 972 766 1052 182,
799 970 848 1036 15.
881 971 967 1036 Suid.
996 988 1021 1035 s.
1051 988 1101 1034 vv.
1124 967 1315 1056 Διιτρέφης.
1399 999 1405 1008 ·

132 1075 277 1166 κηρύλος.
315 1076 448 1145 Μέτων.
485 1081 752 1168 παροιξοροῦοιν.
787 1077 973 1167 χαροδριός.
1011 1099 1145 1162 quorum
1174 1081 1315 1148 locorum

132 1190 298 1256 nonnullos
327 1192 476 1257 omittere
504 1200 687 1273 poteramus
717 1194 771 1274 qni
805 1211 875 1259 cum
898 1193 940 1257 ad
963 1191 1084 1258 scholia
1106 1192 1161 1258 illa
1181 1193 1315 1257 redeant

132 1302 177 1366 nil
200 1303 273 1367 novi
295 1301 449 1368 efferunt:
481 1304 587 1368 Tzetz.
617 1305 649 1368 in
671 1303 828 1386 Lycophr.
851 1304 913 1369 387
946 1302 1121 1388 (=‘schol.
1145 1304 1201 1368 hv.
1225 1302 1315 1384 299).

133 1414 221 1480 Soio.
249 1431 274 1478 s·
296 1433 324 1479 v.
348 1411 528 1501 Διιτρέφης
557 1413 614 1497 (=
643 1414 740 1480 schol.
763 1415 823 1478 Av.
846 1414 933 1495 788).
971 1408 1107 1500 κηρύλος
1137 1416 1194 1496 (=
1216 1413 1314 1479 schol.

133 1525 192 1591 Av.
215 1524 302 1608 299).
331 1521 455 1589 Μέτων
478 1531 533 1603 (=
555 1524 651 1590 schol.
673 1525 732 1590 Av.
755 1526 842 1608 997).
871 1519 1048 1610 χαραδριός
1068 1527 1126 1607 (=-
1141 1524 1237 1590 schol.
1251 1525 1312 1589 Av.

132 1635 221 1720 266).
253 1635 389 1716 denique
412 1636 503 1701 Phot.
520 1636 593 1717 383,
616 1637 655 1700 21
680 1637 826 1701 convenit
848 1654 920 1702 cum
944 1635 1030 1701 Suid.
1052 1655 1077 1700 s.
1093 1654 1121 1699 v,
1144 1634 1311 1720 ιιοραιξο-

133 1749 253 1833 ροῦσιν.
275 1781 317 1792 -
339 1747 504 1813 hiantem
526 1745 586 1812 loci
608 1747 654 1812 sic
675 1766 784 1813 omnes
806 1747 982 1829 comparati
1004 1753 1096 1828 sunt,
1124 1751 1161 1811 ut
1183 1765 1242 1811 uon
1267 1745 1312 1810 sit

133 1858 285 1939 dubium,
313 1857 389 1938 quin
421 1856 554 1924 eundem
588 1858 719 1923 laudent
751 1858 969 1940 Euphronium
1001 1858 1090 1923 cuius
1122 1857 1313 1922 mentionem

133 1969 254 2034 scholia
277 1969 309 2033 in
331 1968 495 2051 Aristoph.
517 1966 648 2034 faciunt.

215 2079 434 2162 Euphronium
457 2081 580 2160 deinde,
602 2087 639 2146 ut
660 2088 803 2163 apparet,
824 2080 1048 2161 philosophum
1068 2079 1314 2160 peripateticum

131 2191 165 2256 in
186 2191 322 2273 Lyconis
350 2191 552 2273 peripatetici
584 2200 776 2258 testamento
811 2191 941 2255 testium
964 2192 996 2254 iu
1018 2208 1148 2255 numero
1170 2189 1313 2254 nomina·

132 2308 201 2367 tum
223 2301 401 2366 invenimus
423 2303 508 2383 apud
531 2303 637 2367 Laert.
667 2303 759 2384 Diog.
787 2303 832 2381 V,
865 2303 906 2366 74
937 2296 1110 2386 (μάρτυρες
1139 2298 1309 2376 Καλλῖνος

127 2405 324 2497 Ἑρμιονεύς,
358 2403 522 2497 Ἀρίστων
555 2415 673 2494 Κεῖος,
709 2404 888 2498 Εὐφρόνιος
919 2405 1128 2491 Παιανιεύς);
1168 2412 1209 2476 de
1247 2430 1311 2492 quo

133 2522 261 2588 aliunde
291 2522 371 2588 nihil
402 2530 536 2589 constat.
565 2561 607 2568 -
638 2525 694 2590 sed
725 2543 806 2606 quae
837 2523 911 2588 olim
942 2523 1065 2588 exstitit
1088 2521 1192 2587 Strab.
1223 2523 1313 2600 VIII,

132 2634 195 2698 382
217 2634 392 2714 scriptura:
414 2669 456 2680 -
487 2625 548 2720 ἀφ’
572 2623 617 2698 ὧν
638 2633 696 2700 καὶ
717 2629 735 2700 ὁ
757 2632 798 2699 τὰ
820 2629 992 2720 Πριάιιεια
1013 2628 1156 2720 ποιήσας
1177 2624 1312 2718 Εὐφρό-

132 2767 201 2821 νιος
225 2736 395 2829 Ὀρνεοὶιην
424 2743 518 2808 καλεῖ
548 2743 604 2811 τὸν
625 2741 704 2811 θεόν
717 2748 747 2829 1)
772 2783 828 2827 -,
859 2764 895 2810 ea
918 2763 1001 2810 nunc
1023 2744 1192 2809 emendata
1213 2744 1246 2808 in
1268 2779 1312 2789 -

131 2848 301 2942 Εὐφορίων
328 2875 386 2933 -;
418 2861 468 2920 est
494 2862 600 2922 autem
631 2858 659 2922 is
690 2856 852 2938 Euphoric
876 2855 1109 2936 Chersonesita,
1132 2855 1311 2920 carminum

132 2965 347 3049 priapeiorum
371 2969 535 3049 auctort),
557 2969 648 3034 cuius
670 2967 722 3033 hie
744 2968 845 3034 latere
867 2985 977 3032 nomen
994 2964 1115 3030 monuit
1131 2965 1310 3032 Meiuekius

131 3078 163 3143 in
185 3075 290 3142 Anall.
312 3075 471 3142 alexandr.
493 3096 526 3158 p.
543 3077 604 3143 341
622 3096 699 3161 sqq.,
722 3079 799 3143 item
821 3077 1000 3159 Lennepius
1022 3077 1054 3141 in
1077 3079 1244 3141 comment.
1266 3077 1311 3141 ad

132 3189 256 3254 Terent.
278 3188 381 3252 Maur.
403 3206 434 3268 p.
457 3188 528 3253 371.
561 3225 597 3233 -
630 3189 765 3271 denique
798 3188 999 3270 Euphronius
1028 3186 1237 3269 philosophus
1258 3204 1311 3252 oc·

130 3298 214 3366 curit
235 3318 285 3380 ap.
308 3297 396 3363 Suid.
419 3317 443 3363 s.
458 3318 487 3364 v.
510 3295 680 3385 Διόδωρος
701 3295 860 3380 μονάζων,
885 3298 938 3365 ubi
959 3297 1044 3364 inter
1067 3297 1161 3362 huius
1178 3296 1312 3362 Diodori

130 3409 251 3491 scripta
272 3406 409 3472 refertur
438 3407 541 3494 ίπρὸς
562 3402 742 3497 Εὗφρόνιον
764 3405 965 3497 φιλόσοφον’
995 3447 1036 3456 —
1067 3409 1152 3492 quod
1175 3425 1311 3473 comme-

130 3535 270 3584 morasse
292 3517 372 3583 satis
394 3524 452 3585 est.

214 3629 271 3695 sed
303 3634 340 3692 ut
371 3630 537 3697 redeamus
570 3634 613 3698 ad
643 3637 786 3698 nostrum
808 3633 1029 3715 Euphronium
1052 3629 1309 3714 grammatIcum‚

129 3740 225 3806 huius
255 3744 395 3807 aetatem
427 3744 454 3808 si
486 3761 636 3824 quaereS,
671 3743 764 3826 longe
795 3743 879 3810 inter
907 3761 941 3808 se
970 3742 1134 3808 discedere
1165 3742 1310 3808 virorum

130 3900 202 3958 997.
230 3898 318 3960 1370.
343 3897 433 3958 1379.
461 3903 548 3958 1403.
575 3905 665 3959 1536.
691 3905 781 3960 1563.
807 3900 897 3963 1745.
931 3901 1019 3978 Vesp.
1044 3903 1115 3957 604.
1139 3903 1209 3957 606.
1235 3898 1307 3957 674.

131 4002 202 4060 675.
226 4005 297 4060 696.
322 4004 412 4059 1005.
440 4005 528 4060 1086.
552 4006 638 4060 1144.
665 4006 754 4061 1530.
778 4001 821 4062 Pl.
838 4007 909 4062 385.
926 4008 996 4062 904.
1019 4003 1205 4062 11161164.
1229 4001 1309 4060 Rem.

132 4108 223 4164 1093.

218 4208 245 4278 1)
268 4204 347 4263 unde
369 4221 422 4263 sua
444 4205 568 4282 sumpsit
590 4208 624 4265 P.
649 4205 759 4266 Victor.
782 4207 813 4266 in
838 4208 921 4267 Varr.
942 4208 1022 4268 lectt.
1045 4211 1094 4280 64,
1122 4211 1169 4265 19.

215 4307 248 4385 2)
271 4306 307 4365 ef.
330 4305 491 4382 Hephaest.
515 4307 657 4366 enchirid.
677 4327 705 4384 p.
731 4313 800 4368 105.
829 4342 871 4353 -
901 4310 1083 4388 Bernhardy.
1106 4307 1199 4367 HLG.
1221 4307 1264 4382 Π,
1288 4313 1309 4366 2

127 4433 156 4492 p.
181 4415 219 4470 69
522 4412 526 4421 “
660 4444 661 4447 =
