2866 4928
608 251 650 263 ...
704 218 724 283 6
777 253 819 264 ..

125 388 222 463 atque
254 384 339 465 apud
370 384 501 450 Suidam
531 385 657 466 quidem
681 386 800 466 1285,
832 388 852 453 8
875 391 1013 468 dee01)
1041 390 1119 455 haec
1141 389 1302 470 leguntur:

20 518 22 521 ’
118 486 310 577 Ἀμμώνιος
336 487 543 578 ³Aptpccosuov,
575 488 824 581 Ἀλεξανδρεύς,
844 492 1091 585 Ἀλεξάνδρου2
1097 495 1302 585 Ηνώριμος,

123 596 160 680 ὃς
182 602 237 668 καὶ
260 603 427 685 διεδέξατο
458 604 515 692 τὴν
548 605 664 695 σχολὴν
681 602 907 695 Ἀριστάρχου,
932 607 998 693 πρὸ
1020 612 1075 675 τοῦ
1098 633 1302 698 μοναρχησαι

124 712 180 779 τὸν
202 711 403 798 Αὔγουστον.
449 717 528 784 haec
551 719 667 786 Suidae
689 721 756 786 sola
778 721 805 785 si
828 723 1025 803 respicimus,
1047 742 1105 788 non
1129 724 1203 789 inde
1226 726 1301 789 Am-

124 829 261 893 monium
285 830 501 912 cognoscimus
523 831 585 895 nisi
610 831 848 897 Aristarcheum
879 833 996 914 quique
1018 833 1144 900 scholae
1167 835 1206 898 ab
1229 834 1302 898 Ari-

124 941 291 1006 starcho'
283 941 450 1006 institutae
471 939 646 1020 praefuerit
675 948 749 1008 ante
771 944 911 1024 Augusti
901 949 1087 1025 rtempora.
1131 945 1302 1010 utFabri·

125 1052 210 1132 cius,
243 1051 360 1117 Suidae
382 1052 485 1115 locum
508 1070 578 1116 cum
601 1054 697 1117 vertit
765 1090 797 1098 -
748 1054 997 1143 ,Alexandri
1019 1056 1278 1136 discipuluset
1270 1076 1302 1121 ιιι

126 1161 233 1227 schola
255 1161 443 1242 Aristarchi,
466 1161 573 1243 paullo
595 1182 635 1226 an
637 1169 672 1233 te
692 1101 861 1246 Augusti
852 1167 1030 1249 imperium,
1053 1169 1245 1232 successor.
1268 1174 1303 1231 at

125 1273 188 1338 ista
211 1291 272 1337 non
295 1271 457 1338 sufficiunt
479 1273 522 1337 ad
545 1273 680 1339 hominis
702 1281 841 1343 aetatem
858 1279 1141 1343 determinandam.
1186 1277 1302 1342 etenim

126 1383 234 1448 scholl.
256 1383 292 1448 Il.
308 1385 384 1449 Ven.
402 1403 473 1449 cum
489 1385 607 1451 diserte
625 1405 697 1451 eum
712 1388 892 1455 Aristarchi
914 1389 1077 1471 discipulis
1095 1395 1303 1453 annumerant

217 1627 244 1702 1)
267 1626 425 1702 praecipue
448 1627 484 1684 de
507 1647 559 1685 eo:
589 1628 744 1688 Fabricius
767 1630 802 1702 V,
828 1631 897 1688 712.
943 1630 1076 1702 Villciso,
1108 1629 1244 1704 Prolegg.
1267 1629 1303 1687 Il.

127 1729 235 1786 XXVI
265 1747 328 1807 sqq.
353 1730 497 1801 Beccard,
533 1730 734 1789 scholl.‘Vsn.
767 1753 794 1808 p.
820 1738 868 1792 60.
892 1739 940 1791 61.
985 1734 1030 1791 La
1062 1733 1171 1801 Roche,
1201 1733 1239 1790 H.
1270 1731 1304 1788 T.

127 1852 156 1908 p.
190 1836 229 1888 68
263 1850 326 1910 sqq.
372 1830 560 1890 Graefenhan
590 1834 614 1906 Ι,
647 1838 718 1891 401.
749 1834 791 1907 Π,
827 1835 894 1893 117.
947 1839 1077 1893 ceterum
1114 1835 1164 1892 hie
1204 1833 1303 1892 nescio
1364 1835 1368 1840 ’

12 1954 20 1979 ³
128 1934 275 2020 quomodo
297 1933 327 1990 in
345 1934 451 1991 mirum
474 1945 603 1993 errorem
619 1935 734 2009 incidit,
759 1956 825 1994 cum
848 1942 868 1995 ι.
893 1939 925 1995 II
947 1958 976 2013 p.
993 1943 1043 2009 44,
1067 1938 1136 1995 dum
1158 1937 1194 1993 ad
1210 1935 1304 2011 ipsius

128 2037 164 2094 de
186 2041 288 2096 nostro
319 2038 526 2097 adnotationes
547 2038 677 2111 relegat,
713 2039 748 2097 de
772 2039 956 2098 ‘Ammonius
979 2040 1044 2098 dem
1067 2034 1211 2112 Jiing'ern'
1236 2038 1305 2096 Ari-

128 2139 235 2197 stonici
259 2140 376 2218 aequali
399 2140 525 2198 disserit.

214 2242 245 2316 2)
267 2243 337 2300 inde
369 2242 473 2300 miram
496 2244 641 2302 Matterus
664 2243 721 2300 sibi
744 2242 834 2301 finxit
856 2242 1044 2320 opinionem,
1076 2226 1127 2301 Ec.
1150 2238 1304 2301 d'Alex.I

128 2365 156 2421 p.
178 2344 282 2418 179:,
284 2381 333 2417 ,-
351 2344 525 2403 Ammonius
548 2345 629 2404 avait
652 2343 783 2417 succede,
807 2366 843 2404 en
868 2344 980 2425 qualitci
1002 2347 1038 2403 de
1054 2347 1125 2404 chef
1144 2345 1180 2402 de
1201 2340 1303 2402 l'scole

129 2446 346 2526 d'Aristarque,
369 2467 406 2505 au
428 2448 638 2521 grammairien
661 2447 861 2506 Alexandre‘t
906 2448 978 2506 item
1000 2447 1173 2518 Schoellius,
1197 2447 1303 2504 Gesoh.

130 2550 156 2608 d.
180 2570 223 2622 gr.
246 2551 317 2608 Litt.
342 2550 392 2608 112
417 2555 487 2626 p.l
476 2552 547 2607 lll:
580 2549 789 2622 „Alexandrus
811 2551 871 2608 und
894 2549 1070 2608 Ammonius
1092 2569 1150 2609 ron
1174 2548 1303 2607 Alexan-

129 2652 212 2709 drien
242 2653 317 2727 folgt
319 2673 354 2711 en
385 2653 483 2725 ihm[
472 2652 650 2730 [Aristarchi
672 2652 715 2710 als
743 2653 847 2728 Haupt
848 2673 879 2711 er
910 2653 1008 2710 seiner
1037 2651 1171 2710 Schule‘t
1217 2650 1303 2708 modo

130 2755 289 2826 dixissent,
322 2755 400 2812 unde
430 2759 549 2832 praeter
579 2756 608 2813 h.
631 2754 738 2812 Suidae
768 2755 786 2812 l.
816 2755 966 2829 cognitum
997 2757 1078 2813 hunc
1101 2753 1319 2812 Alexandrum·

129 2860 282 2917 haberent.
335 2856 536 2915 Alexandrum
567 2857 787 2932 Polyhistcrem
825 2863 1000 2934 Anonymus
1038 2849 1117 2932 apud
1157 2855 1302 2914 Gaisford.

130 2962 290 3019 adnotante
313 2959 506 3036 Bernhardyo
536 2963 566 3016 et
587 2958 707 3017 Olinton
736 2959 800 3017 ΕΗ.
822 2959 874 3017 ΠΙ
894 2982 923 3037 p.
947 2965 985 3017 95
1010 2960 1170 3028 voluerunt
1201 2956 1303 3017 innui:

132 3064 210 3142 quod
226 3081 346 3139 prorsus
361 3060 559 3138 improbabile
575 3066 620 3119 est
635 3081 700 3120 cum
714 3063 751 3120 ob
767 3069 933 3139 temporum
949 3043 1080 3121 rationes
1103 3061 1153 3137 (of.
1169 3059 1304 3117 Mueller.

6 3193 9 3196 ⁴
130 3164 222 3223 FHG.
246 3165 305 3236 III,
330 3170 400 3223 206.
445 3165 485 3221 M.
514 3163 657 3224 Schmidt.
681 3163 712 3221 in
736 3163 845 3223 Philol.
870 3164 938 3236 VH,
962 3163 1036 3237 366)
1059 3168 1121 3221 tum
1145 3163 1213 3243 quia
1236 3163 1304 3221 Gra·

131 3274 227 3326 teteus
255 3266 306 3324 ille
333 3267 398 3324 fuit.
445 3286 498 3339 ego
531 3265 604 3324 certi
629 3265 699 3345 quid
722 3266 859 3338 afferam,
893 3288 953 3324 uon
976 3268 1079 3325 babeo.
1124 3285 1162 3324 an
1185 3283 1305 3339 corrup·

130 3378 192 3430 tum
216 3370 294 3446 apud
318 3369 397 3428 Suid.
443 3359 636 3443 Ἀλεξάνδρου
667 3387 701 3427 ac
730 3369 887 3444 legendum
914 3361 1108 3444 Ἀριστάρχου
1139 3360 1304 3445 γνάριμοςέ

130 3496 177 3532 me
210 3477 289 3532 certe
319 3472 393 3530 mire
424 3490 541 3546 semper
561 3471 676 3543 habuit,
708 3473 765 3530 hoc
786 3471 893 3548 ipsum,
922 3471 1000 3550 quod
1023 3470 1198 3529 Ammonius
1220 3487 1304 3544 prae-

132 3577 251 3653 cipuum
280 3575 360 3633 inter
390 3574 542 3650 proximos
572 3574 739 3632 Aristarchi
768 3574 928 3650 discipulos
951 3574 1048 3632 tenuit
1078 3573 1192 3644 locum,
1226 3570 1304 3649 quod

132 3678 235 3738 scholl.
278 3677 314 3736 Il.
350 3677 420 3736 satis
444 3677 602 3749 evincunt,
635 3676 713 3753 apud
735 3675 815 3735 auid.
859 3694 964 3753 pamm
986 3675 1121 3734 indicari.
1165 3693 1200 3732 ae
1221 3692 1304 3750 prae·

132 3781 234 3840 sertim
269 3780 291 3838 si
328 3773 476 3855 γνώριμος
506 3779 581 3838 illud
612 3780 767 3837 reddemus
799 3773 988 3854 ‘discipulus’,
1021 3778 1051 3835 id
1086 3779 1163 3856 quod
1193 3774 1308 3834 faciunt

3 3887 10 3892 ’
131 3884 304 3958 Fabricius,
326 3881 466 3954 Villciso,
489 3883 616 3953 Matter,
646 3881 734 3940 etiam
757 3880 922 3958 suspectius
945 3881 1062 3939 eveniet
1083 3880 1155 3938 illud
1177 3871 1303 3948 Ἀιεξάν.

132 3984 217 4064 ὅρου,
242 3985 319 4064 quod
348 3984 374 4041 si
395 3985 428 4041 in
448 3976 641 4060 Ἀριστάρχου
663 3985 832 4056 mutaveris,
855 3982 905 4040 καί
934 3983 1013 4062 quod
1035 3983 1170 4061 sequitur
1191 3983 1222 4040 in
1244 3981 1306 4057 ple·

132 4090 247 4149 niorem
279 4085 366 4146 simul
399 4106 516 4145 sensum
547 4085 713 4161 aptaveris3
746 4105 923 4165 quamquam
954 4084 1093 4144 nimirum
1124 4085 1166 4142 sic
1189 4102 1306 4163 quoque

132 4191 267 4265 intellegi
299 4188 517 4249 concedendum
547 4193 600 4247 est.
643 4179 835 4264 Ἀλεξάνδρου
865 4192 963 4246 autem
997 4206 1085 4267 quam
1115 4185 1201 4244 facile
1224 4185 1304 4244 nasci

132 4295 265 4370 potuerit
294 4297 361 4369 post
390 4293 513 4350 verbum
543 4282 755 4368 Ἀλεξανδρεύς,
785 4296 891 4366 sponte
913 4294 1004 4366 patet.
1050 4288 1100 4346 sed
1122 4293 1156 4347 ut
1177 4287 1240 4347 dixi
1264 4286 1306 4345 nil

132 4397 206 4457 certi
229 4401 358 4459 statuere
380 4394 484 4455 audeo.
