2866 4928
602 157 815 224 ,48-

115 320 380 411 Ὑιτονττεριδίων
403 317 535 410 ὀνείρων
557 331 607 406 (ex
628 332 724 408 poeta
746 327 862 410 aliquo,
887 334 924 394 ut
945 330 1086 416 videtur)
1109 332 1141 397 in
1163 332 1209 415 gl.
1233 353 1312 400 con·

120 437 193 503 fusa
215 444 249 501 et
270 435 395 502 defecta
412 437 517 520 Idtym.
541 439 583 503 M.
606 439 729 521 p..783,
751 441 803 522 20,
825 440 878 506 uhi
899 439 1100 508 Herodianus
1123 444 1311 525 opinionem

122 549 267 630 Dionysii
289 549 410 615 Sidonii
431 543 677 636 ὑποπτεριδίων
698 552 864 632 probantis
885 553 1071 635 impugnare
1093 554 1232 620 videtur.
1266 556 1310 622 de

121 680 182 744 qno
205 662 272 727 loco
289 680 350 726 non
369 659 573 727 satisfaciunt
584 662 736 728 Lobeckii
752 663 951 730 coniecturae
966 663 1089 730 Pathol.
1104 685 1134 746 p.
1150 665 1214 730 357
1232 672 1309 734 -“.

486 937 608 1014 Χ17Π.
652 937 931 1014 Parmeniscus.

206 1114 427 1180 Parmeniscus
456 1115 701 1195 grammaticus,
734 1118 823 1183 cuius
855 1117 888 1182 in
920 1117 1096 1200 complures
1128 1120 1307 1201 scriptores

120 1226 279 1292 exstitisse
309 1225 550 1291 commentarios
582 1233 724 1306 constat,
757 1247 948 1310 quamquam
978 1236 1064 1296 certo
1087 1232 1127 1297 de
1149 1251 1186 1298 eo
1210 1234 1307 1300 testi·

120 1339 224 1403 monio
246 1353 407 1415 caremus,
438 1337 522 1400 inter
544 1336 722 1404 Aristarchi
752 1339 924 1422 discipulos
957 1341 1074 1407 aviris
1104 1343 1209 1409 doctis
1234 1345 1309 1410 iure

120 1449 242 1514 relatus
264 1456 331 1513 est:
362 1465 435 1511 nam
458 1446 573 1512 librum
596 1447 682 1532 πρὸς
704 1445 861 1535 Κράτητα
884 1452 1097 1532 composuisse
1119 1471 1139 1518 a
1161 1453 1306 1536 Didymo

125 1560 266 1626 traditur
295 1558 502 1641 lectionisque
524 1558 751 1625 Aristarcheac
773 1561 865 1626 testis
896 1561 1042 1628 adfertur
1063 1563 1159 1630 schol.
1185 1565 1215 1628 Θ
1239 1565 1307 1632 513

121 1665 353 1757 Παρμενίσκος
375 1666 409 1734 ἐν
430 1669 478 1756 τῷ
501 1665 523 1735 οί
545 1666 631 1757 πρὸς
653 1664 810 1756 Κράτητα
825 1672 855 1752 ¹)
886 1665 930 1749 ὡς
948 1664 1193 1760 Ἀριστάρχειον
1223 1695 1307 1761 γρα-

121 1778 183 1870 φὴν
207 1778 410 1868 προφέρεται
429 1777 552 1846 κείνων.
576 1819 615 1828 -
638 1800 667 1846 v.
691 1781 902 1847 Graelenhan.
936 1789 958 1848 1.
980 1785 1006 1863 Ι,
1035 1785 1107 1850 399.
1129 1785 1203 1851 401.
1227 1787 1307 1852 417.

125 1896 355 1960 Westermann.
378 1893 409 1958 in
433 1892 547 1977 Paulyi
570 1893 636 1958 ER.
658 1911 684 1958 s.
706 1912 735 1957 v.
758 1892 969 1974 Sengebusch.
993 1895 1075 1959 hom.
1099 1896 1174 1961 diss.
1198 1916 1250 1979 pr.
1273 1917 1316 1979 p.

120 2006 171 2070 30.
214 2006 262 2069 La
283 2004 380 2071 Roch.
403 2005 443 2070 H.
466 2004 500 2069 T.
522 2023 553 2086 p.
578 2005 627 2069 75.

205 2123 302 2200 atque
335 2116 366 2181 in
389 2114 519 2181 Homeri
540 2114 667 2196 quidem
699 2115 893 2181 carminibus
915 2117 1135 2184 Parmeniscus
1157 2123 1190 2184 et
1212 2118 1307 2184 criti-

119 2247 189 2297 cam
219 2237 252 2293 61
273 2226 567 2309 interpretatorium
589 2225 697 2306 posuit
725 2244 853 2309 operam
878 2247 1008 2310 eamque
1037 2246 1118 2309 quae
1141 2247 1203 2292 non
1226 2247 1307 2295 con-

122 2341 324 2406 temnendum
347 2338 483 2403 hominis
504 2338 622 2418 prodat
643 2336 812 2417 ingenium.
857 2341 1002 2422 magistri
1031 2339 1083 2404 ille
1113 2339 1308 2421 simpliciter

119 2452 286 2519 lectionem
310 2448 479 2515 tradidisse
501 2468 521 2513 a
542 2447 680 2530 Didymo
703 2448 886 2530 exhibetur,
910 2457 945 2515 ut
967 2451 1049 2528 dixi,
1075 2452 1104 2514 Θ
1125 2450 1198 2529 513,
1221 2451 1306 2518 item

119 2563 230 2647 procul
260 2561 357 2627 dubio
379 2564 399 2622 I
418 2560 478 2625 197
502 2552 731 2645 Παρμενίσκος
760 2556 796 2623 δὲ
818 2557 1016 2646 προφέρεται
1048 2555 1194 2625 ἱκάνετον
1218 2557 1305 2650 ὴμέ-

120 2669 258 2759 τερόνὸε.
301 2673 345 2752 (1.
369 2671 411 2735 M.
435 2670 588 2735 Schmidt.
612 2669 684 2734 Did.
706 2688 736 2750 p.
762 2669 846 2754 136).
891 2690 947 2736 nec
977 2678 1083 2738 tamen
1115 2680 1171 2737 aut
1193 2673 1226 2738 in
1251 2694 1306 2741 re·

120 2787 180 2851 bus
202 2783 379 2866 prosodicis
409 2786 466 2846 aut
495 2780 528 2844 in
557 2779 741 2861 accipiendo
764 2799 859 2847 sensu
881 2783 921 2846 ab
944 2782 1030 2848 illius
1052 2784 1205 2849 desistere
1228 2785 1307 2866 pla-

120 2897 194 2964 citis
217 2892 396 2960 dubitabat.
433 2897 470 2956 ut
492 2893 522 2955 Ε
540 2891 602 2957 638
625 2881 696 2956 οἷον
718 2893 919 2983 praeoptavit
941 2911 999 2974 pro
1017 2893 1194 2959 Aristarchi
1217 2884 1302 2976 οἷον,

120 3009 189 3072 sim.
220 3004 342 3083 ‹52423
373 3001 485 3074 5249
514 2997 630 3066 ι’ίλλοτε
652 2990 672 3088 ᾗ
693 3021 751 3084 pro
779 3001 865 3067 illius
899 2996 978 3067 alato
1008 2999 1080 3091 τεή;
1112 3009 1141 3068 Σ
1160 3005 1224 3069 100
1254 3007 1302 3072 ita

120 3120 214 3202 legit:
239 3154 279 3163 —
302 3112 393 3199 ἐμεῖο
416 3107 449 3178 δ’
466 3108 697 3200 ἐοησεν’Ἀρης
719 3105 862 3201 ἀλκτῆρα
882 3112 1088 3200 pordocan),
1111 3135 1183 3183 eum
1205 3117 1304 3184 aliter
1330 3141 1332 3144 ·

120 3235 153 3294 et
167 3229 297 3310 legisset
311 3233 344 3294 et
365 3226 596 3308 interpretatus
617 3230 702 3291 esset
717 3224 925 3291 Aristarchus
946 3224 998 3307 (ci.
1013 3227 1066 3291 Et.
1082 3227 1123 3291 M.
1142 3227 1214 3310 138,
1232 3229 1303 3313 11).

208 3507 238 3585 1)
262 3509 358 3588 quode
381 3527 433 3566 cur
455 3503 571 3567 dubitet
591 3503 772 3567 Bartholdus
795 3502 852 3585 (De
874 3504 945 3567 Eur.
969 3503 1072 3568 scholl.
1094 3505 1182 3567 fontt.
1204 3524 1233 3585 p.
1260 3509 1301 3567 16

120 3632 149 3673 n.
176 3611 205 3691 1)
228 3618 317 3690 atquc
340 3610 576 3671 ‘commentarios
593 3609 759 3670 homericos
774 3611 836 3669 illic
851 3605 988 3670 indicari’
1011 3599 1145 3686 censeat.
1162 3609 1303 3690 equidem

121 3737 181 3777 non
211 3734 366 3794 assequor,
404 3712 579 3792 pracsertim
609 3733 687 3793 cum·
707 3712 816 3774 diserte
847 3713 961 3791 primus
990 3712 1068 3774 liber
1100 3713 1164 3773 eius
1195 3711 1303 3790 scripti

121 3819 232 3880 excitet
270 3862 276 3875 .
1119 3854 1130 3866 .

207 3921 238 3998 2)
260 3922 319 3980 hoc
347 3919 427 3980 enim
457 3919 558 3980 evadit
585 3938 602 3978 6
632 3919 806 3997 paraphrasi
837 3910 855 3978 c‘
883 3913 921 3978 δὲ
952 3911 1122 3994 πόλεμος
1151 3908 1204 3992 τήν
1227 3908 1305 3994 ἐμίρν

121 4015 304 4101 ἅφελόμενος
325 4021 491 4081 πανοπλίαν
512 4016 600 4097 ἕὸησί
617 4041 676 4096 μου
697 4014 751 4096 τήν
774 4013 888 4095 ἔξοδον,
913 4012 985 4091 61111
1006 4011 1137 4098 είλκτῆρα
1159 4011 1201 4094 μή
1222 4014 1305 4096 γενέ-

120 4131 194 4186 σθαι
219 4118 405 4205 Πατρόκλου.
453 4127 636 4204 quapropter
665 4123 806 4184 lacunosa
827 4123 958 4183 arbitror
979 4120 1186 4183 antecedentia
1208 4122 1304 4182 verba

120 4236 152 4290 et
172 4231 215 4289 sic
244 4231 308 4290 fere
336 4228 539 4288 restituenda:
573 4224 783 4306 Παρμενίσκος
812 4220 866 4303 μὲν
896 4212 952 4285 οὖν
982 4216 1156 4306 βαρυτόνως
1185 4218 1304 4302 ἐκδεχό-

120 4350 208 4415 μενος
228 4325 262 4392 τιν’
281 4326 372 4414 ’Λρης
393 4327 445 4390 καὶ
467 4323 657 4412 τρισύλλαβον
679 4319 712 4389 τί
735 4325 838 4407 ἔδησεν
860 4323 919 4389 κτὲ.
