2866 4928
672 135 884 201 ...32-

191 299 419 380 pleonasmum,
434 295 532 366 ‘sord
552 295 731 390 παρολκήν’
748 307 785 387 ¹),
808 326 1030 392 nonnunquam
1045 316 1174 389 maioris
1196 313 1377 406 ἐμφάσεως

193 415 346 492 caussa²)
369 411 489 477 factum
511 415 692 496 putabant),
715 423 863 483 accentus
886 420 985 504 igitur
1006 426 1217 494 retrahendus
1239 449 1374 498 servan-

192 523 301 588 dusne.
344 530 441 604 atque
470 524 549 591 illud
571 531 679 591 noster
708 526 768 592 sibi
791 532 927 612 sumpsit
948 536 978 597 Ε
999 534 1070 601 332.
1093 544 1124 600 Ζ
1143 538 1222 619 357;
1254 542 1316 607 hoo
1345 546 1376 609 Ο

189 634 261 699 355.
295 635 373 700 Τ4.
401 637 433 698 Ψ
452 636 526 702 561.
556 640 595 700 Π
612 638 675 704 491
687 639 726 718 ³).
770 641 889 707 E138.
922 648 942 707 Ι
959 645 1022 710 426
1055 656 1087 713 et
1113 656 1145 713 T
1163 652 1212 718 62.
1256 655 1373 732 (schol.

188 744 285 811 Vad
307 749 337 810 P
352 747 425 826 240,
447 746 486 812 af.
508 747 556 812 La
577 748 614 812 R.
637 749 723 831 339).

232 875 290 922 non
322 859 468 940 exiguam
500 857 700 925 Ptolemaeus
734 861 824 927 dedit
853 883 982 946 operatu
1005 868 1138 951 singulis
1160 873 1193 937 in
1215 883 1370 943 contextu

188 969 422 1051 distinguendis
444 971 621 1050 vocabulis,
644 990 726 1052 quae
749 993 815 1054 res,
839 993 910 1041 oum
932 997 994 1044 uno
1018 987 1127 1047 tenore
1148 983 1223 1049 libri
1246 987 1367 1054 seribe-

187 1088 311 1160 rentnr,
342 1083 384 1147 ad
412 1099 538 1147 sensum
560 1085 750 1165 scriptorum
773 1094 859 1154 recte
881 1089 1127 1173 intellegendum
1150 1106 1223 1161 erat
1243 1100 1370 1180 gravis·

187 1192 276 1257 sima.
306 1211 411 1275 aqua
431 1198 523 1275 purte
551 1195 584 1258 in
606 1195 716 1262 multis
744 1215 814 1263 oum
837 1200 1023 1267 Aristarcho
1053 1203 1144 1273 fauit:
1167 1227 1272 1274 uuum
1294 1230 1368 1276 ver-

187 1305 260 1370 bum
283 1305 441 1386 accipiens
463 1301 615 1391 ἐπίουρος
637 1315 672 1373 Ν
688 1309 806 1395 450⁴).
850 1306 1035 1400 ὑπέρμορον
1064 1320 1093 1379 Y
1109 1318 1152 1383 30
1174 1317 1235 1401 (La
1257 1321 1369 1390 Roehe

187 1416 272 1497 371).
316 1412 470 1505 δίσκουρα
508 1420 541 1481 Ψ
566 1420 638 1484 523.
682 1416 808 1508 εὀκλήις
841 1424 872 1486 Ω
903 1425 975 1490 318.
1011 1422 1075 1503 τώς
1103 1422 1136 1498 Ξ
1160 1430 1201 1494 48
1232 1431 1369 1509 (Herod.

185 1520 274 1608 θ’ὣς,
306 1529 402 1594 schol.
427 1533 465 1594 B.
496 1530 580 1611 330).
624 1523 843 1617 ἀνηρείψαντο
883 1540 910 1598 Y
939 1537 1019 1617 2343
1049 1557 1107 1620 pro
1137 1541 1260 1607 duobus
1290 1562 1368 1611 vero

273 1740 302 1818 1)
325 1760 350 1797 e.
376 1760 402 1814 g.
428 1739 517 1799 sohel.
549 1741 578 1796 Ψ
603 1743 658 1797 561
686 1731 868 1819 ἢπερισσήυ
890 1737 1050 1820 λαμβάνειν
1079 1740 1133 1823 τήν
1156 1743 1211 1808 ἐπί.
1239 1750 1264 1805 Ζ
1289 1754 1364 1814 357.

270 1848 299 1917 2)
322 1862 347 1901 e.
372 1863 400 1917 g.
427 1842 518 1902 sohol.
546 1843 573 1898 T
591 1847 619 1900 4.
645 1842 673 1898 E
696 1848 766 1901 332.

270 1949 301 2027 3)
325 1946 374 2026 qni
397 1944 480 2004 loono
502 1950 583 2005 reate
606 1945 839 2007 dubitatLehrs.
863 1968 911 2028 qu.
935 1969 1001 2028 epp.
1027 1956 1063 2009 91
1090 1974 1118 2010 n.
1142 1972 1180 2012 an
1203 1955 1239 2012 ad
1261 1956 1366 2016 Hero·

183 2050 319 2109 dianoam
356 2048 438 2107 illam
472 2049 507 2107 de
536 2048 788 2126 praepositionum
821 2047 963 2134 ίυαλλοιγῇ
992 2054 1125 2128 regulam
1160 2058 1265 2116 referri
1298 2079 1362 2119 non

183 2153 297 2212 debeat.

266 2258 298 2333 4)
322 2256 400 2335 quod
423 2260 521 2313 tamen
551 2274 611 2312 non
633 2261 668 2312 ut
689 2253 880 2313 Aristarohus
903 2252 1187 2331 προπαροξυτόνως,
1211 2262 1262 2319 sod
1286 2284 1361 2339 προ-

185 2356 413 2433 περισπωμέυως
443 2357 657 2434 pronuntiavit.
709 2356 820 2434 triplex
843 2358 921 2415 enim
943 2359 1000 2419 isto
1023 2361 1087 2420 loeo
1110 2362 1168 2420 fuit
1189 2363 1297 2437 leotio,
1331 2374 1361 2425 et

183 2462 272 2520 unius
295 2460 413 2540 quidem
443 2466 533 2519 testes
555 2461 738 2531 zenodotus,
761 2460 951 2519 Aristarchus
975 2495 1014 2505 —
1036 2463 1197 2542 Didymus,
1221 2465 1361 2544 Trypho;

185 2564 253 2621 dein
276 2565 374 2637 fuere,
407 2564 457 2642 qui
480 2555 662 2638 οίυέστρεψον
692 2557 746 2636 τήν
767 2558 926 2638 rapidiore:
955 2561 1005 2622 ίπι
1035 2553 1140 2644 οὗρον;
1172 2569 1277 2626 tertius
1309 2571 1362 2628 ad-

183 2670 279 2726 fertur
300 2666 504 2725 Ptolemaeus:
534 2654 551 2721 ό
581 2662 612 2722 δὲ
642 2657 854 2740 Ἀσκαλωνίτης
884 2661 1037 2746 παρέλκειν
1066 2660 1179 2746 ἡγεῖται
1210 2662 1264 2744 τήν
1292 2667 1361 2729 ἐπί·

184 2763 230 2828 διό
253 2765 304 2826 καί
331 2762 382 2828 τόν
404 2760 492 2825 τόνον
514 2760 654 2840 φυλάσσει
681 2768 734 2842 τῆς
756 2763 940 2845 προθέσεως,
973 2759 1083 2844 ὁμοίως
1105 2773 1144 2851 τῷ
1169 2770 1272 2848 ,βοοῖν
1293 2768 1356 2830 ε’πι-

183 2865 329 2946 βουκόλος
358 2863 464 2948 dulps
508 2870 545 2929 of.
575 2869 666 2928 sohol.
689 2870 718 2926 E
745 2871 820 2929 178:
849 2871 907 2945 (est
936 2871 971 2930 de
1000 2867 1150 2950 ἒπιμῆνις)
1169 2869 1361 2954 Ἀρίσταρχος

183 2967 334 3049 παρολκήν
362 2970 452 3032 οίέται
474 2974 526 3048 τῆς
552 2968 615 3041 ἐπί,
646 2963 757 3046 ὅμοίως
785 2973 827 3052 τῷ
856 2969 1058 3052 ἐπισμυγερῶς
1087 2971 1137 3032 καί
1169 2975 1273 3053 ,βοοῖν
1295 2974 1362 3037 ἔπι-

182 3071 328 3152 βουκόλος
350 3067 455 3152 όνήρ“.
501 3069 572 3133 ὅταν
587 3069 619 3133 di
637 3071 766 3158 παρέλκῃ
789 3067 809 3152 ἡ
831 3068 983 3155 πρόθεσις,
1009 3069 1045 3134 οὖ
1060 3080 1185 3136 ποιεῖται
1201 3073 1361 3159 ἐξαλλαγὴν

181 3175 279 3239 τόνου.
312 3181 386 3239 adde
403 3179 534 3256 Hesyoh.
570 3173 726 3255 ἐπίουρος,
751 3172 850 3253 εἰμὲν
873 3175 1173 3257 προπερισπωμίυως,
1197 3174 1361 3261 περισσὴν)

182 3276 327 3360 πρόθεσις
341 3279 411 3354 κτὲ.,
426 3283 478 3341 uhi
494 3279 656 3341 Ptolemaei
672 3280 859 3354 agnosoimns
872 3281 1039 3341 lectionem.
1070 3274 1361 3362 είνολογητικοίιερος

183 3406 253 3445 sane
274 3392 378 3446 noster
398 3386 429 3444 in
452 3386 510 3445 hoo
531 3384 590 3444 fuit
611 3384 760 3458 magistro.
782 3404 811 3444 v.
834 3383 937 3443 Lohrs.
982 3387 1034 3444 Ar.
1050 3406 1079 3462 p.
1099 3389 1167 3444 115.
1191 3387 1254 3462 (ubi
1268 3405 1360 3466 quam

180 3490 229 3550 vir
259 3489 444 3550 doctissimus
474 3487 574 3566 prodit
603 3486 752 3560 regulam:
782 3487 964 3564 „composita
992 3487 1113 3546 nomina
1144 3508 1210 3547 eum
1232 3508 1358 3567 praepo·

182 3592 306 3665 sitione,
337 3593 387 3651 ubi
413 3591 492 3652 nihil
521 3609 616 3650 novae
649 3588 877 3664 significationis
900 3590 1029 3663 aooadit,
1060 3610 1178 3652 servare
1201 3597 1357 3651 aeeentum

181 3699 295 3772 sunm“‚
315 3696 397 3766 haee,
421 3699 564 3775 quantum
584 3693 680 3764 video,
704 3713 764 3751 non
787 3692 845 3750 nisi
868 3712 906 3752 ex
922 3692 1066 3770 Hesyohii
1088 3694 1140 3752 111ο
1162 3695 1227 3753 1ουο
1244 3696 1355 3756 evadit.

181 3805 212 3858 et
232 3800 324 3857 habet
346 3818 416 3857 sane
446 3797 583 3873 speeiem.
628 3795 679 3852 sad
702 3795 815 3853 duobus
847 3794 907 3853 illis
938 3795 1105 3874 praeseptis
1128 3797 1294 3857 Aristarchi
1326 3805 1357 3858 et

181 3902 342 3961 Ptolemaei
372 3901 452 3959 inter
483 3919 514 3958 ss
544 3897 701 3956 simillimis
723 3897 841 3972 (soholl.
877 3899 911 3954 N
929 3904 990 3957 450
1014 3903 1044 3957 et
1066 3899 1094 3954 Ε
1119 3900 1191 3975 173)
1213 3901 1271 3958 hoe
1293 3921 1355 3958 non

180 4005 316 4076 docetur,
354 4023 459 4064 verum
491 4008 620 4060 tantum:
658 3998 1004 4076 praepositionem
1045 4019 1164 4062 servare
1196 4007 1352 4062 aooentum

179 4127 273 4165 suum.
318 4125 489 4186 quamnam
504 4123 583 4163 nuno
606 4123 665 4161 non
688 4121 806 4179 possum
828 4102 887 4161 nisi
909 4103 1033 4181 mirari).
1057 4137 1097 4146 —-
1120 4109 1249 4162 aeterum
1272 4112 1356 4163 errat

179 4211 223 4269 La
253 4210 354 4269 Roehe
386 4208 418 4266 in
451 4208 513 4278 ed,
547 4205 579 4264 in
610 4201 751 4281 ἐπίουρος
780 4204 918 4264 lectionis
949 4206 1069 4265 testium
1100 4224 1222 4264 nurnero
1252 4206 1353 4270 Ptolo-

180 4332 295 4372 maeum
317 4331 435 4391 quoque
458 4308 611 4369 exhibens.
