2866 4928
629 170 838 239 ,32-

139 341 296 406 momenti
328 347 404 406 sunt
433 360 515 424 quae
547 347 674 408 exstant
703 340 1019 406 schol.Ran.1028.
1063 339 1108 406 ibi
1129 339 1232 421 igitur
1251 357 1329 406 oum

144 451 187 516 sit
209 451 399 533 disceptatio
429 455 469 518 de
492 471 640 533 perverse
663 452 783 517 tradito
813 456 927 532 poetae
946 471 978 516 1.
1002 445 1117 536 ἐχάρην
1138 450 1223 534 γοῦν,
1247 441 1327 536 ἡνίκ’

141 557 264 647 ἤκουσα
292 560 370 648 περὶ
399 558 541 650 Δαρείου
571 565 750 639 τεθνεῶτος
763 563 803 646 ¹),
837 563 892 644 qui
922 582 949 628 1.
973 563 1015 628 ed
1038 562 1152 626 Persas
1174 560 1329 644 Aeschyli

140 677 278 756 spectet,
301 684 470 757 postquam
494 673 604 740 scholii
629 673 721 738 initio
744 681 940 755 quantopere
963 672 1019 738 illo
1041 691 1112 737 oum
1135 671 1222 739 veris
1245 691 1330 754 pug-

142 790 281 851 nent-
303 805 404 870 neque
427 785 565 852 enimin
589 785 695 851 Persis
712 783 892 866 Aeschylon
915 783 1003 848 Darii
1026 784 1167 849 nuntiari
1188 787 1329 848 mortem
1415 872 1416 875 ρ

142 933 183 943 -
207 899 386 979 expositum
409 902 473 975 est,
504 896 582 961 rarii
606 896 679 961 dein
702 896 907 975 interpretes,
930 895 1028 959 variis
1050 895 1104 977 qui
1127 893 1231 958 modis
1255 911 1328 956 rem

143 1008 359 1090 expedierint,
389 1007 581 1087 afferuntur,
614 1012 712 1087 etque
744 1008 774 1073 in
799 1008 849 1072 his
870 1007 993 1089 primus
1016 1003 1165 1072 Chaeris:
1200 1005 1331 1088 Χαῖρις

119 1116 122 1123 ’
143 1115 182 1182 δέ
206 1138 286 1203 φησι
308 1116 346 1183 τὸ
370 1112 511 1204 Δαρείου
533 1109 606 1181 ἀντὶ
628 1116 686 1181 τοῦ
709 1115 844 1204 Ξέρξου.
888 1111 1027 1201 σύνηθες
1048 1113 1109 1203 γὰρ
1131 1116 1203 1192 τοῖς
1227 1138 1329 1200 ποιη-

142 1230 217 1305 ταῖς
239 1225 384 1294 ἐπὶτῶν
413 1223 490 1292 vitiu
512 1230 584 1306 τοῖς
612 1232 676 1293 τῶν
707 1225 858 1313 πατέρων
881 1223 1017 1309 ὀνόμασι
1039 1229 1193 1314 χρῆσθαι.
1240 1224 1331 1311 πρὸς

145 1334 181 1402 ὅν
197 1337 286 1404 ἐστιν
301 1335 408 1406 εἰπεῖν
423 1335 473 1406 ὅτι
498 1337 531 1404 ἐν
546 1343 592 1428 τῷ
614 1335 759 1425 δράματι
780 1335 907 1422 λέγεται
930 1336 1062 1427 έΞέρξης
1083 1335 1143 1422 μὲν
1164 1332 1263 1414 αὐτὸς
1286 1335 1328 1426 ζῇ

145 1472 180 1514 τε
201 1449 259 1515 καί
279 1448 396 1534 βλέπει
419 1443 522 1537 φάοξ.
567 1458 665 1535 atque
687 1451 802 1516 iterum
827 1456 991 1532 comparet
1007 1449 1175 1517 Chaeridis
1198 1454 1331 1515 senten-

145 1562 191 1626 tia
213 1562 243 1626 in
275 1563 380 1629 altera
402 1562 513 1629 scholii
542 1566 635 1644 parte
657 1570 729 1644 post
751 1553 868 1643 ἄλλως,
900 1562 955 1628 ubi
978 1562 1134 1645 Didymus
1155 1562 1263 1627 verius
1286 1561 1330 1625 de

146 1692 179 1737 re
209 1673 373 1755 opiniones
402 1680 580 1739 enumeret:
611 1711 654 1720 —
684 1670 784 1753 (τινὲς
818 1670 855 1737 δὲ
890 1666 1053 1758 γράφουσι
1083 1667 1227 1760 Δαρείου
1266 1671 1328 1737 τοῦ

146 1780 283 1868 Ξέρξου)
307 1778 338 1848 oi
357 1783 401 1865 δέ,
425 1777 476 1850 ὅτι
499 1787 571 1861 τοῖς
592 1779 717 1871 κυρίοις
739 1776 810 1850 ἀντὶ
832 1785 898 1848 τῶν
913 1783 1169 1867 πατρωνυμικῶν
1194 1779 1331 1868 κέχρην-

148 1917 220 1974 ται,
251 1893 309 1959 καί
338 1887 389 1960 ὅτι
412 1891 498 1980 [ἔστι
523 1897 567 1980 Θ]
589 1891 607 1962 ὁ
631 1892 763 1981 Ξέρξης.
808 1890 853 1981 (οὶ
876 1892 921 1975 δέ,
945 1890 996 1960 ὅτι
1018 1888 1156 1959 εἴδωλον
1182 1890 1333 1977 Δαρείου

147 2002 341 2090 φθέγγεται,
374 2003 495 2072 ἐκείνου
527 2004 619 2091 [ἐκεῖ.
665 2027 723 2073 em.
747 2006 858 2089 Dobr.]
881 2000 1080 2090 redeptores·
1101 1999 1268 2089 δηλονότι)
1281 2007 1342 2087 ¹).'

146 2117 177 2180 in
200 2118 271 2183 istis
292 2118 346 2183 vix
376 2136 506 2199 possum
536 2120 617 2184 satis
647 2118 758 2184 mirari
782 2117 949 2184 Chaeridis
977 2117 1208 2196 temeritatem,
1243 2132 1330 2196 quae

147 2228 233 2292 haud
257 2227 349 2293 fusile
372 2229 506 2293 dixerim
538 2234 644 2294 utrum
667 2230 795 2310 gravior
818 2229 968 2295 videatur
988 2228 1020 2292 in
1043 2228 1153 2310 inepta
1175 2225 1236 2291 hae
1259 2226 1330 2307 opi-

150 2339 258 2418 nione,
280 2358 344 2421 qua
365 2340 443 2421 ipsis
465 2340 645 2405 nominibus
665 2341 807 2422 propriis
830 2359 887 2422 pro
909 2339 1137 2421 patronymiois
1159 2336 1207 2402 uti
1231 2335 1331 2403 licere

150 2450 254 2532 poetis
276 2450 435 2532 docuerit,
458 2470 497 2515 en
520 2451 554 2516 in
576 2469 622 2533 eo,
645 2453 728 2533 quod
751 2451 866 2517 Xerxis
889 2454 1023 2516 mortem
1047 2448 1196 2532 Aeschyli
1220 2449 1331 2514 Persis

236 2689 266 2768 1)
295 2712 350 2752 nee
373 2692 481 2770 minue,
502 2699 537 2753 ut
552 2700 791 2766 consentaneum,
814 2693 985 2754 recentibus
1007 2692 1033 2751 is
1056 2713 1084 2753 1.
1108 2689 1335 2751 exereitetionis

151 2795 296 2873 praebuit.
341 2794 458 2876 'aliquos
480 2803 515 2856 ut
536 2797 667 2869 afferam,
690 2797 875 2857 Fritnsohius
898 2796 940 2855 sio
963 2796 1098 2872 eoripeit:
1130 2785 1237 2871 έχυίρην
1258 2795 1336 2871 γοῦν

151 2899 188 2980 τῇ
210 2891 389 2980 νικρικούσας
406 2891 486 2976 παραὶ
510 2901 544 2958 Δ.
569 2922 592 2957 τ.
636 2899 793 2959 Dindorfiu
814 2900 913 2977 planet
934 2899 994 2958 ito:
1018 2892 1125 2975 έχοίρην
1148 2897 1221 2974 γοῦν
1242 2885 1337 2971 virleu

153 2991 247 3074 φάσμ’
286 2993 383 3076 έφιίνη
414 3000 542 3078 Δαρείου
571 3003 625 3059 τοῦ
655 3022 679 3061 τ.
709 3035 750 3048 -
781 3002 876 3061 fusius
907 3003 943 3060 de
971 3002 991 3060 1.
1019 2998 1222 3072 Fritxeohiue,
1253 3000 1334 3058 Run.

151 3123 181 3179 p.
206 3107 385 3161 ser-sss.

237 3205 269 3282 2)
291 3205 322 3263 in
353 3205 402 3264 his
432 3205 457 3264 ei
479 3226 551 3266 vere
580 3213 641 3266 tres
671 3206 837 3267 sententiae
860 3206 1103 3281 distinguuntur,
1124 3208 1177 3264 aut
1200 3202 1335 3282 Δαρείου

153 3310 299 3368 anteneri
323 3303 434 3386 Ξέρξου
457 3309 629 3384 delendum,
660 3315 711 3370 aut
741 3305 805 3371 ἀντί
827 3316 896 3370 unte
923 3311 955 3369 id
977 3309 1170 3368 inserendum
1192 3305 1335 3380 videtum

152 3417 308 3491 praeterea
339 3429 403 3469 rese
432 3411 619 3471 commendet
649 3413 712 3474 eod.
736 3411 762 3471 Θ
784 3432 840 3473 ser.
871 3407 921 3472 καὶ
950 3410 1028 3473 έσιιν
1051 3403 1069 3471 ὅ
1090 3405 1124 3476 Ξ.
1168 3409 1335 3469 habeamus

152 3515 196 3575 ita
218 3488 345 3591 primum
379 3532 445 3585 eos,
480 3513 531 3592 qui
563 3513 651 3574 etiem
681 3515 799 3590 longius
829 3533 917 3593 quum
939 3511 1064 3578 Choerie
1093 3510 1244 3591 progressi
1276 3513 1334 3570 τοῦ

154 3612 281 3695 Ξέρξου,
313 3615 391 3695 quod
415 3614 466 3673 ille
488 3616 695 3691 subaudiebet,
728 3618 761 3676 in
792 3621 909 3676 textum
931 3617 1020 3677 etiam
1041 3614 1228 3694 reoeperint‚
1261 3613 1334 3673 dein

152 3721 250 3798 ipsum
273 3716 463 3790 Ohueridem,
494 3723 642 3796 postremo
673 3740 739 3794 eos,
769 3719 819 3798 qui
847 3719 978 3799 Δαρείου
1006 3719 1168 3787 τεθνεῶτος
1197 3715 1242 3776 nil
1272 3716 1336 3776 nisi

153 3821 237 3882 Darii
269 3822 401 3878 umbram
442 3820 498 3879 sibi
530 3821 608 3882 velle
641 3820 817 3882 monuerint.
871 3824 921 3883 sed
958 3827 1039 3883 reete
1068 3822 1196 3881 fortusse
1231 3819 1335 3879 loonm

153 3921 337 3986 Fritzeohius
369 3921 537 3983 emendarit
565 3924 645 3982 huno
666 3923 696 3982 in
722 3925 855 3985 modum:
883 3920 958 3995 τινές
980 3919 1012 3983 δέ
1036 3921 1165 4003 Δαρείου
1188 3913 1253 3980 riori
1278 3923 1335 3980 τοῦ

155 4023 283 4103 Ξέρξου,
321 4016 367 4084 ὅτι
404 4026 466 4092 τοῖς
502 4029 740 4103 πατρωνυμικοῖς
777 4020 842 4086 ἀντὶ
881 4029 941 4087 τῶν
969 4025 1081 4106 κυρίων
1105 4024 1141 4100 [ἓ]
1164 4019 1335 4104 κέχρηνται,

155 4128 187 4192 oi
206 4127 246 4206 δέ,
269 4121 314 4189 ὅτι
336 4127 371 4210 ζῇ
392 4121 434 4184 έτι
455 4116 473 4184 o‘
496 4120 615 4203 Ξέρξης,
637 4124 689 4186 καί
711 4120 755 4187 ὅτι
778 4126 901 4190 εἴδωλον
924 4127 1052 4209 Δαρείου
1074 4123 1236 4206 φθέγγεται
1260 4122 1333 4200 iuri,

154 4225 335 4310 τεθνηκότος
356 4220 502 4305 δηλονότι.
546 4228 598 4302 „in
620 4229 668 4288 hie
690 4232 836 4309 repetitur
857 4239 888 4292 ot
908 4233 1018 4293 iterum
1038 4233 1188 4291 refutetur
1210 4231 1335 4290 Chaeri-

156 4337 201 4397 dis
225 4334 336 4416 opinio,
358 4336 392 4390 ut
405 4331 480 4388 haee
496 4329 645 4391 simillima
661 4332 722 4394 sint
736 4336 937 4414 superioribus
963 4327 1201 4416 Χαῖρις-βλέπει
1222 4325 1336 4410 φοίος.“
