2866 4928
622 164 834 229 ..74-

88 422 91 426 ¹
227 333 270 397 ad
292 333 413 414 scripta
428 332 602 414 Euphronii
625 334 711 415 qnod
733 334 858 413 attinet,
881 331 1125 400 commentarios
1147 331 1322 398 iuAristo-

140 442 277 524 phanem
307 463 378 509 eum
410 442 622 526 composuisse
650 464 688 511 ex
717 445 794 526 ipsis
826 442 955 509 scholiis
984 443 1064 508 satis
1091 442 1208 523 elucct;
1240 461 1322 527 quos

141 556 383 619 commentarios
414 555 533 620 diserte
563 556 802 622 commemorari
832 554 929 622 schol.
952 555 1011 620 Au.
1035 554 1118 621 1403
1139 553 1204 618 iarn
1226 553 1321 618 initio

141 663 341 731 dictumest.
385 667 497 745 quodsi
524 665 557 730 in
586 687 760 749 paucarum
792 666 974 732 fabularum
1004 665 1131 732 scholiis
1162 663 1232 730 eius
1254 683 1321 729 me-

141 775 243 841 moria
264 776 395 858 prodita
424 782 491 858 est,
522 777 581 843 hoc
611 767 732 843 nonnisi
764 796 840 844 casn
869 777 989 843 facturn
1021 775 1217 843 censebimus
1247 795 1321 842 cum

139 885 321 967 Dindortio,
351 890 460 956 scholl.
491 890 540 955 ed.
571 895 594 953 t.
622 890 673 954 ΠΙ
695 909 725 971 p.
748 889 811 954 388
834 908 863 952 n.
907 897 1047 953 ceterum
1076 905 1094 952 e
1124 885 1212 952 Snid.
1242 905 1266 958 s.
1290 908 1320 954 v.

140 999 398 1085 παραιξοροῦσιν
419 999 526 1084 (Phot.
549 1000 623 1078 383,
645 1002 700 1082 21)
728 994 929 1084 Ταγηνιστάς
951 1017 1076 1081 quoque
1093 996 1320 1078 Aristophanis

138 1128 209 1175 eum
239 1111 484 1194 interpretatum
516 1130 584 1176 esse
611 1117 698 1177 recte
730 1110 858 1192 collegit
888 1110 1099 1177 Schneiderus
1130 1128 1161 1190 p.
1188 1109 1241 1176 87.
1287 1114 1320 1173 et

140 1219 249 1301 aliqua
271 1223 406 1304 vestigia
428 1241 464 1287 eo
480 1222 654 1304 adducunt,
677 1229 714 1288 ut
735 1222 808 1288 aliis
823 1240 947 1303 quoqne
968 1221 1073 1303 poetis
1094 1219 1222 1284 comicis
1244 1237 1320 1301 ope-

140 1349 210 1395 ram
226 1339 369 1397 nostrum
386 1333 512 1397 dedisse
528 1333 760 1413 existimemus3
783 1333 867 1416 quod
882 1332 1009 1415 quidem
1024 1331 1152 1396 videtur
1165 1329 1321 1411 Nouello,
1406 1408 1408 1410 .

138 1441 158 1505 l.
182 1442 212 1520 l.‚
240 1441 432 1509 Schneidero
464 1461 555 1511 secus
577 1444 711 1509 videtur.
756 1453 853 1525 atque
876 1444 992 1510 Athen.
1014 1442 1061 1507 XI
1081 1441 1146 1507 495
1171 1440 1319 1523 Euphro-

138 1552 184 1616 nii
198 1554 230 1618 in
244 1554 367 1620 Cratini
379 1555 533 1620 Thressas
547 1553 718 1636 significari
734 1555 994 1621 commentarium
1009 1551 1204 1634 condebito,
1227 1571 1320 1633 pror-

138 1681 193 1728 sus
215 1665 398 1730 adsentiens
420 1666 558 1746 Bergkio
572 1666 602 1747 ¹)
626 1666 760 1750 (Comm.
783 1667 823 1731 de
845 1666 911 1732 rell.
935 1684 1014 1732 com.
1036 1669 1095 1730 att.
1117 1668 1182 1729 ant
1204 1683 1237 1745 p.
1252 1665 1319 1744 91),

142 1793 277 1855 quocum
306 1777 385 1842 facit
413 1777 450 1842 R.
478 1777 632 1842 Schmidt.
677 1783 711 1842 et
743 1776 879 1842 fortasse
910 1777 985 1841 licet
1015 1795 1054 1840 ex
1084 1774 1136 1842 Et
1167 1775 1209 1841 M.
1240 1793 1266 1840 s.
1288 1796 1318 1842 v.

138 1881 291 1971 ἒνεργμός
321 1888 388 1952 eius
417 1889 678 1955 commentarium
709 1887 870 1952 exstitisse
906 1889 938 1951 in
970 1885 1144 1970 Phrynichi
1174 1885 1318 1951 Oonumm

137 1995 217 2062 elici.
240 1997 349 2062 -ita
373 1999 506 2081 denique
528 2000 587 2064 loci
607 2017 731 2081 quoque
752 2000 839 2080 apud
860 1999 952 2063 Phot.
977 1996 1048 2078 165,
1083 1998 1121 2062 11
1146 1996 1215 2078 (uhi
1238 1997 1319 2080 quid

138 2106 181 2170 sit
202 2104 343 2172 Κιλλεία
365 2111 510 2192 erponit3
533 2109 571 2176 cf.
594 2110 731 2193 Hesych.
753 2129 778 2175 s.
801 2109 832 2173 h.
855 2110 899 2194 v.)
922 2115 955 2174 et
977 2108 1074 2174 schol.
1087 2107 1219 2190 Dionys,
1244 2107 1318 2189 782,

139 2216 179 2280 15
202 2215 271 2301 (nbi
293 2218 369 2301 quid
392 2220 452 2286 sibi
473 2220 573 2286 velint
604 2216 766 2306 φοινίκεια
796 2214 970 2305 γράμματα
994 2218 1101 2302 docet)
1129 2217 1196 2283 sine
1218 2218 1318 2284 dnbio

139 2347 177 2394 ex
199 2330 267 2394 eius
289 2329 321 2394 in
345 2333 497 2397 comicum
520 2332 658 2413 aliquem
682 2330 917 2398 commentariis
937 2329 1105 2396 fluxerunt.

224 2441 288 2505 iarn
310 2461 407 2523 opera
429 2461 523 2523 quam
547 2442 755 2524 Aristophani
772 2441 975 2524 Euphronius
997 2439 1134 2522 navavit,
1156 2434 1319 2506 fere'tota

137 2552 265 2617 videtur
298 2553 453 2619 collocata
483 2553 580 2620 luisse
616 2554 648 2618 in
678 2558 794 2636 poetae
826 2558 859 2617 et
889 2551 1052 2619 vocabulis
1088 2556 1122 2617 et
1151 2549 1320 2615 sententiis

137 2661 395 2744 interpretandis.
438 2683 559 2746 paucae
588 2663 656 2729 eius
678 2671 805 2730 exstant
828 2666 868 2730 de
898 2663 1032 2745 singulis
1060 2663 1189 2728 vocibus
1210 2662 1319 2727 obser-

139 2773 281 2839 vationes
313 2777 549 2854 grammaticae.
600 2781 698 2857 atque
734 2775 773 2840 ab
803 2775 853 2841 his
892 2780 928 2838 ut
954 2774 1116 2839 ordiamur
1146 2809 1187 2821 -
1219 2771 1318 2838 schol.

136 2884 231 2966 Vesp.
255 2885 317 2951 696
339 2885 513 2952 identidem
534 2885 625 2951 uobis
647 2886 745 2951 allato
768 2885 860 2951 testis
882 2885 935 2950 ille
965 2891 1015 2950 est
1045 2903 1120 2949 usus
1149 2878 1208 2960 dig
1228 2881 1317 2949 vocis

138 2995 178 3060 ab
208 2995 394 3062 Aristarcho
418 3003 454 3062 ut
476 3016 532 3062 nos
554 3001 705 3078 putamus
729 2997 839 3062 notati.
883 3012 1017 3079 quocum
1041 2995 1221 3060 testimonio
1244 3013 1318 3060 con-

138 3105 270 3172 ferenda
301 3106 464 3173 distinctio
496 3127 559 3191 qua
589 3126 697 3173 vocem
728 3103 787 3184 θίς
817 3109 843 3172 si
878 3111 962 3174 esset
990 3100 1137 3191 αἰγιαλός
1167 3104 1319 3170 feminino

140 3236 255 3298 genere
278 3219 439 3300 usurpari,
471 3220 498 3284 si
521 3225 605 3284 esset
628 3213 734 3304 σωρός
756 3219 928 3284 masculino
951 3217 1126 3284 docebant:
1148 3237 1177 3283 v.
1199 3215 1251 3281 Et.
1274 3215 1317 3281 M.

137 3327 211 3408 450,
234 3328 315 3412 2²);
347 3336 443 3411 atque
474 3331 570 3394 etiam
601 3330 663 3393 (luo
693 3329 820 3394 diversa
850 3347 918 3396 esse
951 3328 1149 3396 vocabulaa
1183 3327 1319 3392 diuersis

138 3440 254 3522 etymis
269 3441 444 3505 derivanda
467 3441 513 3506 eis
528 3441 657 3522 placuit
695 3445 730 3504 at
750 3439 874 3505 futilem
894 3459 963 3506 esse
985 3459 1055 3505 eam
1082 3437 1319 3505 distinctionem

138 3568 271 3632 prorsus
306 3557 442 3632 apparet
474 3551 501 3616 si
541 3552 610 3633 quis
649 3570 730 3633 quae
761 3550 868 3632 Steph.
900 3552 993 3616 Thes.
1028 3569 1052 3616 s.
1074 3550 1105 3615 h.
1128 3570 1157 3616 v.
1189 3549 1320 3616 exhibet

142 3725 304 3732 ..—-—-—-
320 3726 340 3730 ..-

228 3826 257 3904 1)
281 3827 333 3904 qui
361 3827 527 3905 comparari
556 3828 641 3888 iubet
669 3827 745 3888 Poll.
772 3827 812 3902 X,
851 3828 889 3886 67
919 3821 1102 3906 aspersator
1137 3820 1170 3885 δὲ
1203 3817 1257 3896 τοὶς
1288 3822 1320 3885 ἐν

142 3919 289 4010 Θρᾴτταις
313 3928 461 4007 Κρατίνου
491 3929 611 3999 natiuae
641 3923 662 4006 ἢ
683 3922 805 3998 κύλικας
827 3921 848 4005 ἢ
869 3927 1025 4008 προχοίδια
1058 3919 1134 3988 εἶναι
1161 3919 1319 3999 δοκούσας.

223 4032 254 4110 2)
278 4033 314 4090 cf.
354 4036 454 4090 tamen
490 4033 597 4112 quibus
629 4035 703 4092 haec
742 4033 807 4109 ipsa
828 4032 989 4092 ,tolluntur
1018 4033 1065 4093 st.
1096 4033 1138 4090 Μ.
1172 4035 1244 4105 450,
1278 4037 1318 4091 34

139 4130 207 4202 ola:
237 4127 269 4191 τό
293 4130 345 4204 θὶς
368 4131 415 4193 ε’ττὶ
439 4137 494 4192 τοῦ
517 4132 650 4213 αἰγιαλοῦ
679 4127 836 4213 α’ρσενικὸν
857 4131 907 4192 καὶ
931 4129 1064 4211 θηλυκόν
1086 4131 1164 4194 ἔστι·
1194 4129 1246 4191 καὶ
1269 4129 1320 4192 ἐπὶ

139 4237 192 4294 τοῦ
224 4237 322 4313 σωροῦ
345 4228 456 4313 ὁμοίως
489 4230 647 4316 ἀρσενικόν
679 4233 729 4295 καὶ
751 4228 887 4312 θηλυκόν
921 4233 989 4297 ἔστι.
1034 4238 1071 4296 cf.
1095 4239 1140 4296 La
1160 4237 1255 4297 Roch.
1278 4238 1319 4297 H.

139 4340 171 4404 Τ.
196 4344 266 4399 282.
