2866 4928
603 237 816 303 -77-

118 409 216 490 Vasp.
249 408 385 475 601-
410 406 545 488 denique
572 407 635 472 huc
667 409 830 490 pertinent
863 407 960 474 schol.
988 407 1084 488 Vcsp.
1115 405 1208 472 1530.
1240 407 1299 472 Av.

121 519 193 585 765.
216 556 258 567 -
280 521 338 585 Av.
360 519 432 586 357.

206 630 286 696 haec
319 632 347 697 si
376 632 448 712 quis
474 631 734 714 perlustraverit,
768 629 986 712 Euphronium
1006 629 1086 693 satis
1109 629 1299 694 mediocrem

121 741 278 807 iudicabit
299 741 399 808 inisse
421 744 628 824 interpretem
640 743 680 824 ¹).
723 759 780 806 nec
803 748 909 806 tamen
932 758 1052 818 verear,
1084 759 1123 806 ne
1147 740 1197 805 cui
1220 740 1300 804 adeo

121 871 181 918 non
205 852 306 919 bonae
328 851 430 935 frugis
452 873 521 919 esse
543 853 605 918 istc
619 853 777 931 videatur,
800 855 836 915 ut
858 857 965 918 aetate
980 849 1188 917 Aristarchea
1210 869 1300 931 pror-

123 982 178 1030 sus
200 964 349 1047 indignus
370 965 534 1046 putandus
555 965 598 1030 sit
621 963 796 1030 autetiam
818 965 893 1028 inde
915 964 1133 1030 removendae.

528 1224 631 1296 XXI.
683 1225 884 1298 Aretades.

204 1410 378 1475 Aretadem
409 1416 442 1475 et
471 1410 635 1476 Neotelem
668 1409 831 1490 iniungere
860 1407 1041 1474 Aristarchi
1070 1406 1300 1489 discipulorum

121 1505 211 1603 gregi
233 1522 335 1586 audeo
357 1527 528 1603 propterea
542 1522 627 1602 quod
641 1521 726 1586 inter
741 1520 821 1584 duos
838 1519 1058 1585 Aristarcheos
1074 1518 1301 1599 Apollodorum

121 1637 154 1696 et
176 1631 363 1714 Dionysium
383 1632 539 1698 Thracem
568 1650 622 1697 eos
653 1634 819 1696 enumerat
849 1629 1005 1713 Didymus
1033 1629 1131 1696 schol.
1166 1628 1198 1691 Ω
1221 1629 1300 1695 11οε

116 1731 375 1830 Ἀπολλόδωρος
389 1740 447 1808 καί
457 1735 638 1828 Ἀρητάδης
648 1741 678 1826 ²)
695 1738 751 1805 καί
762 1739 922 1826 Νεοτέλης
931 1738 986 1806 καί
995 1734 1196 1817 Διονύσιοςὸ
1208 1739 1301 1827 Θρᾷξ

125 1850 180 1917 διά
211 1855 268 1917 τοῦ
294 1851 393 1940 ῐτὴν
415 1848 577 1940 πρόθεσιν
608 1847 770 1939 γράφουσι
798 1849 854 1917 καί
878 1848 1050 1918 δασύνουσι
1073 1851 1112 1917 τδ
1134 1853 1170 1931 ἆ,
1200 1841 1300 1937 ἵναῇ

124 1959 315 2050 προςάπτω,
339 1958 536 2051 ἀνατίθημι.
559 1959 590 2028 οἶ
614 1962 651 2028 δὲ
663 1963 764 2048 χωρίς
785 1966 842 2029 τοῦ
857 1965 877 2030 τ
892 1959 1041 2050 ἔγραψαν
1055 1960 1111 2027 καὶ
1127 1960 1299 2049 έψίλωσαν

121 2072 159 2139 τὸ
181 2078 220 2155 α,
243 2075 298 2139 ἵνα
319 2069 436 2143 ταύτὸν
458 2070 587 2161 δπάρχη
609 2077 655 2162 τῷ
677 2072 855 2160 προίάλλω,
879 2064 950 2140 οἷον
973 2071 1108 2160 δίδωμι,
1131 2069 1301 2161 προσπεά-

120 2185 176 2251 δω.
199 2183 302 2263 οὕτως
323 2186 360 2252 δέ
381 2184 437 2251 καί
452 2181 635 2271 Ζηνόδοτος
656 2184 713 2251 καί
731 2178 948 2273 Ἀρίσταρχος
971 2185 1005 2252 ἐν
1022 2190 1093 2264 τοῖς
1116 2185 1201 2272 πρὸς
1220 2190 1300 2249 Κω-

120 2292 232 2382 μανόν.
245 2302 273 2379 ³)
307 2299 363 2364 sed
386 2300 426 2364 de
449 2299 500 2365 his
521 2304 688 2382 praeterea
709 2300 763 2364 vix
785 2300 957 2382 quidquam
981 2298 1136 2365 habemus
1158 2317 1299 2380 comper·

120 2412 198 2475 tum.
235 2416 332 2492 atque
362 2413 520 2477 Aretades
550 2410 667 2494 lyticus
698 2411 845 2492 proditur
874 2409 970 2475 schol.
993 2430 1012 2493 γ
1033 2409 1112 2474 341:
1143 2403 1299 2496 ἐζήτησαν

120 2517 176 2584 διά
198 2516 232 2586 τί
253 2524 326 2598 τοῖς
347 2525 443 2599 θεοῖς
465 2515 629 2607 ἀπένεμον
650 2519 711 2598 τάς
731 2517 891 2604 γλώσσας.
925 2517 957 2586 οἳ
977 2517 1038 2605 μέν
1061 2515 1231 2605 ἐνόμισαν,
1254 2508 1298 2583 ὧν

120 2629 190 2697 ἐστι
214 2629 388 2720 Λέανδρος
410 2630 466 2699 καί
484 2629 713 2720 Ἀρηιάδης4),
736 2630 820 2696 κατά
841 2634 996 2718 πατρῷον
1014 2626 1095 2709 ἔθος
1112 2624 1236 2696 Ἰώνων.
1259 2665 1300 2676 -

119 2745 205 2810 idem
229 2745 296 2811 sine
319 2746 415 2813 dubio
437 2752 702 2812 commemoratur
723 2745 765 2810 ab
783 2744 925 2826 Alciphr.
944 2763 1015 2827 epp.
1030 2745 1088 2826 III,
1104 2745 1163 2810 56:
1185 2737 1297 2807 καθά-

120 2878 182 2943 περ
197 2852 310 2943 πραίην
327 2852 510 2943 Ἀρητάδης
533 2850 550 2922 ὃ
564 2853 789 2942 γραμματικὸς
801 2850 917 2934 ἐποίει,
935 2849 1075 2942 Ὁμήρου
1097 2849 1142 2931 ὡς
1155 2849 1298 2942 ἔφασκεν

120 2964 281 3053 ἐπιλέγων
312 2965 470 3049 στιχίδιον
505 2962 690 3054 εὐμηχάνως
720 2958 807 3052 αὐτῷ
839 2965 924 3052 πρὸς
959 2964 1019 3043 τάς
1052 2961 1205 3054 ἁρπαγάς
1235 2967 1300 3031 τῶν

119 3074 300 3165 βρωμάτων
331 3075 533 3169 ἡρμοσμένον
562 3079 635 3145 *καὶ
656 3076 800 3166 φαγέμεν
821 3075 940 3162 πιέμεν
961 3099 1012 3159 τε,
1046 3071 1162 3142 ἔπειτα
1184 3076 1221 3143 δέ
1243 3074 1300 3142 καί

120 3213 151 3255 τι
184 3189 379 3278 φέρεσθαι’;
413 3200 446 3259 et
467 3213 487 3257 a
508 3193 662 3276 Porphyr.
693 3193 779 3274 apud
801 3190 916 3258 Euseb.
940 3209 1050 3272 praep.
1073 3208 1121 3256 ev.
1143 3191 1182 3270 X,
1204 3190 1235 3270 3,
1258 3189 1299 3256 16

119 3303 194 3370 libri
217 3305 256 3370 de
277 3305 423 3373 ‘fortuita
440 3306 632 3387 scriptorum
654 3305 740 3369 idem
756 3303 951 3368 tradentium
975 3300 1202 3369 convenientia'
1225 3319 1300 3367 auc·

119 3421 187 3482 tor:
219 3408 402 3503 Ἀρητάδου
422 3412 461 3480 τέ
481 3413 551 3480 ε’στι
572 3413 650 3502 περί
673 3408 931 3498 σινεμπτώσεως
952 3408 1169 3501 πραγματεία,
1204 3410 1242 3494 ἐξ
1262 3404 1300 3501 ἧς

118 3528 253 3593 τοιαῦτα
288 3536 342 3606 [sc.
372 3526 461 3592 furta
490 3526 648 3622 literaria]
678 3522 788 3591 πολλά
816 3523 887 3591 ε’στι
916 3524 1044 3610 γνῶναι.
1076 3562 1118 3572 -
1145 3544 1175 3590 v.
1207 3523 1299 3589 Wolf.

119 3639 204 3705 Prol.
225 3639 317 3706 Hom.
340 3640 402 3705 191
427 3661 456 3705 n.
481 3640 531 3704 61.
553 3640 784 3705 Westermann.
806 3637 839 3703 in
862 3637 975 3720 Paulyi
997 3637 1061 3703 ER.
1084 3654 1109 3702 s.
1132 3655 1161 3701 v.
1184 3635 1299 3700 Areto-

207 3905 236 3976 1)
258 3900 317 3960 tale
338 3899 480 3959 iudicium
501 3898 694 3973 Schneideri,
729 3896 951 3970 Graefenhanii,
975 3897 1016 3957 M.
1039 3893 1207 3954 Schmidtii.
1252 3893 1299 3953 ni·

119 4003 176 4063 mia
198 4023 266 4065 eum
287 4003 367 4063 tollit
389 4003 567 4075 Gerhardua,
589 4002 655 4062 iure
677 4001 823 4079 vapulans
844 4001 886 4058 M.
908 3997 1081 4059 Schmidtio.

205 4110 236 4185 2)
267 4099 462 4183 ‘'Appttdopc
491 4105 541 4166 vel
569 4096 727 4181 Ἀρετάδης
755 4103 946 4163 Hullcmann.
976 4101 1008 4160 in
1036 4100 1161 4160 Miscell.
1191 4097 1299 4158 Philol.

119 4208 244 4270 Amstel.
268 4214 286 4267 2
308 4230 338 4287 p.
363 4202 427 4268 75.’
464 4207 553 4268 Dind.
578 4226 654 4288 quae
675 4207 822 4286 inspicere
844 4225 906 4266 non
928 4204 1023 4282 potui.

206 4316 236 4384 3)
259 4314 297 4372 ei.
320 4311 481 4371 Duentaer.
503 4311 572 4371 Zen.
595 4333 625 4390 p.
651 4312 721 4370 127.
913 4327 915 4331 ⁴

206 4413 238 4494 4)
262 4415 304 4477 sio
324 4414 449 4487 Nauck,
471 4413 508 4474 ci.
531 4414 696 4477 Stiehlaum
716 4414 748 4472 in
771 4411 880 4472 Philol.
902 4409 961 4486 lX,
983 4414 1058 4471 486,
