2866 4928
615 258 828 324 ..66-

129 425 297 511 βέστατον,
320 425 404 514 πλὴν
426 431 489 492 τῶν
510 421 570 493 ὑπ’
595 421 711 506 dotale
733 425 868 509 τέχναις.
882 433 909 508 1)
939 431 995 496 sed
1020 429 1187 499 Chaeridis
1207 431 1312 498 fuisse

128 541 210 606 hanc
234 539 447 605 definitionem
470 540 567 606 schol.
591 547 730 605 testatur
752 543 839 622 apud
861 541 995 608 Bekker.
1019 543 1078 607 An.
1101 562 1131 623 p.
1151 543 1224 622 663,
1249 545 1311 611 lo:

127 646 207 718 ὅθεν
237 647 255 718 ὁ
286 653 409 736 Χαῖρις
440 643 496 715 οὐκ
529 644 640 734 ὀρθῶς
668 645 812 739 ὡρίσατο
843 648 898 738 την
926 647 1167 739 γραμματικήν,
1200 648 1306 736 λέγων

128 758 336 848 γραμματική
372 759 461 826 ἐστιν
491 757 558 843 ἕξις
588 754 656 838 άπδ
688 760 799 848 τέχνης
828 761 883 827 καί
913 757 1059 850 ἱστορίας
1092 762 1310 853 διαγνωστικὴ

126 873 194 939 τῶν
216 866 300 959 παρ’
325 869 456 958 Ἕλλησι
477 872 649 951 madal)
685 880 813 955 praeter
843 874 913 939 illos
943 875 1042 955 igitur
1064 875 1311 941 commentarios

127 984 258 1054 Chaeris
290 986 385 1051 etiam
418 985 535 1050 librum
559 980 635 1069 περὶ
656 983 882 1070 γραμματικῆς
905 984 1089 1067 composuit.
1127 991 1223 1068 atque.
1247 986 1312 1052 huc

127 1097 254 1179 quidem
284 1115 342 1178 ego
373 1097 479 1162 nescio
501 1115 540 1160 an
564 1095 721 1160 trahenda
748 1096 812 1160 siut
839 1114 920 1178 quae
950 1095 1049 1160 refert
1080 1095 1176 1160 schol.
1209 1115 1312 1178 supra

126 1207 259 1272 allatum
282 1214 318 1272 N
337 1207 413 1273 103:
437 1208 561 1293 Χαῖρις
579 1203 618 1270 δέ
639 1227 736 1292 φησιν
758 1198 816 1270 οὐκ
836 1197 920 1270 εἶναι
943 1202 977 1270 ἒν
994 1201 1203 1290 δισυλλάβοις
1227 1203 1310 1272 ἂνα-

127 1313 247 1402 λομίαν.
270 1353 311 1362 -
343 1336 424 1383 unus
447 1336 497 1382 me
519 1323 616 1383 vexat
637 1318 692 1398 qui
714 1323 860 1399 superest
891 1318 997 1397 locus,
1025 1318 1118 1383 Phot.
1150 1318 1208 1383 lex.
1232 1337 1256 1383 s.
1279 1340 1311 1385 v.

126 1419 145 1514 ἦ
175 1420 209 1491 δ’
240 1421 278 1505 ὅς
306 1446 331 1492 a.
368 1429 420 1495 Et.
443 1427 486 1492 M.
508 1429 590 1508 416,
620 1429 671 1493 31.
707 1428 752 1493 ibi
783 1429 866 1493 enim
888 1429 962 1511 post
985 1429 1205 1495 Eratosthenis
1220 1433 1251 1509 3)
1275 1437 1311 1495 et

126 1539 349 1623 Aristarchi4)
373 1540 412 1604 de
435 1540 498 1606 ista
520 1539 676 1605 locutione
703 1541 878 1605 sententias
901 1539 980 1605 mira
1002 1540 1174 1606 admodum
1195 1540 1310 1623 legun-

129 1660 183 1717 tur
205 1653 292 1734 apud
314 1651 464 1716 Photium
488 1651 581 1716 haee:
612 1641 687 1737 ἧδ’
710 1645 762 1727 dg:
785 1642 856 1714 ἀντὶ
878 1650 934 1714 τοῦ
957 1645 1019 1736 ἔφη
1040 1648 1078 1714 δὲ
1110 1638 1221 1726 οὗτος·
1251 1648 1311 1716 καὶ

125 1754 198 1827 άντί
229 1763 285 1827 τοῦ
314 1756 393 1849 ἔφη·
424 1754 573 1827 τάττεται
604 1759 640 1826 δὲ
662 1759 718 1827 καί
740 1759 799 1825 ἐπὶ
821 1754 939 1846 άνδρδς
960 1761 1016 1826 καὶ
1044 1755 1211 1846 γυναικός·
1251 1760 1311 1826 καὶ

126 1865 197 1938 άνιί
224 1874 282 1939 τοῦ
305 1868 440 1959 ἔφασαν.
467 1870 523 1938 καί
544 1864 618 1938 dal
638 1863 743 1938 τοῦῶ
775 1869 865 1958 φίλε·
893 1875 987 1937 τοῦτο
1010 1868 1125 1958 Χάρης
1145 1869 1205 1957 μέν
1227 1893 1311 1959 φησι

124 1981 181 2048 καί
202 1980 392 2068 Κριτόλαος
415 1979 574 2069 σημαίνει.
607 1982 803 2068 διελέγχεται
826 1981 863 2048 δὲ
884 1978 950 2047 ὑπὸ
971 1979 1132 2048 πλειόνων
1146 1986 1193 2067 5);
1217 1992 1252 2050 et
1273 1985 1310 2050 in

125 2097 177 2162 Et.
200 2096 245 2161 M.
267 2096 364 2162 haec:
398 2088 471 2179 [ὡς]
502 2090 616 2182 Χάρης
644 2093 681 2159 δὲ
706 2092 762 2158 καί
785 2089 972 2178 Κριτόλαος
992 2086 1067 2159 άντί
1087 2097 1144 2158 τοῦ
1167 2089 1306 2179 ἔφασαν,

124 2205 183 2271 καί
203 2199 353 2272 άντίτοῦ
376 2197 402 2269 ὦ
424 2202 508 2292 φίλε,
531 2201 688 2291 σημαίνει,
713 2200 806 2291 φασί.
830 2202 1028 2288 διελέγχεται
1050 2203 1086 2270 δὲ
1104 2199 1170 2270 ὑπὸ
1187 2201 1306 2270 πλειό-

124 2342 197 2384 νων.
230 2325 263 2384 et
285 2319 327 2383 ad
350 2317 541 2384 sententiam
564 2317 691 2400 quidem
719 2338 748 2382 v.
772 2335 853 2397 quae
876 2317 1008 2382 adnotat
1030 2316 1175 2383 Naberus
1206 2317 1306 2382 adh.

127 2430 235 2496 Photii
258 2431 295 2495 l.:
319 2428 539 2512 „manifestum
554 2429 797 2512 grammaticum
817 2447 933 2506 errare,
956 2434 989 2492 et
1003 2427 1122 2510 legitur
1135 2432 1309 2510 praeterea

127 2534 146 2606 ί
177 2535 212 2608 δ’
247 2533 267 2629 l)
299 2562 350 2623 ap.
380 2540 463 2606 Plat.
494 2541 526 2606 in
558 2540 664 2623 Symp.
697 2541 761 2606 205
792 2540 827 2604 E.
857 2544 944 2606 errat
977 2557 1102 2620 quoque
1125 2538 1308 2605 Scholiasta

126 2655 209 2721 Plat.
232 2689 274 2698 -
298 2652 426 2719 Scilicet
447 2651 591 2718 confudit
611 2642 632 2739 ἧ
653 2644 687 2715 δ’
712 2644 748 2727 ὅς
770 2659 803 2716 et
826 2641 911 2736 ἦδος,
934 2653 1018 2732 quod
1034 2671 1069 2716 re
1083 2669 1158 2717 vera
1172 2650 1308 2717 indecli-

214 2899 242 2976 1)
266 2896 411 2956 videndus
434 2897 469 2954 de
491 2896 537 2954 his
559 2894 761 2967 Steinthalins‚
785 2894 889 2953 Gesch.
913 2895 941 2952 d.
963 2892 1155 2970 Sprachwiss.
1177 2912 1206 2970 p.
1233 2897 1307 2954 538.

126 3035 169 3045 —
198 3000 272 3058 mira
300 2998 460 3073 Wegeneri
489 2997 577 3056 huius
607 2996 665 3056 loci
687 2996 851 3068 translatio,
873 2995 942 3055 Aul.
965 2995 1058 3055 Attal.
1081 3014 1110 3072 p.
1136 2993 1212 3054 107:
1235 3030 1308 3069 „-

125 3102 295 3163 facultatem
318 3106 380 3160 arte
402 3105 532 3177 partam,
567 3116 643 3179 quae
673 3098 734 3158 vim
763 3099 887 3157 haberet
908 3097 1092 3157 discernendi
1116 3096 1308 3158 exactissime

125 3226 168 3279 ea,
192 3223 267 3285 quae
289 3204 367 3280 apud
390 3201 516 3261 Graecos
539 3200 707 3259 dicerentur
722 3205 752 3260 et
767 3201 975 3274 cogitarentur,
999 3218 1135 3280 quaeque
1157 3218 1192 3258 ea
1213 3201 1307 3260 etiam

125 3308 266 3384 adjiceret
297 3301 362 3385 [?],
393 3323 468 3385 qnae
497 3305 552 3362 sub
582 3302 648 3361 aliis
677 3308 777 3362 essent
798 3303 940 3362 artibus.⁴‘
972 3336 1014 3346 -
1047 3307 1177 3362 ceterum
1207 3290 1307 3362 eidem

124 3409 224 3491 (quem
248 3411 366 3468 secutus
388 3411 434 3466 est
456 3405 710 3479 Graefenhanius,
743 3406 809 3482 lp.
834 3405 908 3482 344)
931 3405 1051 3464 minime
1074 3404 1211 3484 equidem
1234 3423 1307 3464 con·

124 3511 260 3572 cesserim
291 3509 394 3568 exeis
417 3527 492 3587 quaa
524 3508 624 3585 paullo
646 3514 715 3585 poet
736 3510 814 3584 apud
836 3508 960 3568 Sextum
984 3511 1149 3587 sequuntur
1171 3501 1251 3564 ἔοικε
1273 3501 1307 3564 δὲ

122 3614 177 3694 [sc.
204 3606 323 3691 Χάρης]
346 3607 397 3668 καὶ
422 3604 603 3688 Κρατήτειάν
626 3632 691 3670 τινα
713 3615 805 3669 κινεῖν
827 3604 931 3689 λόγον,
955 3609 1053 3684 colligi
1075 3609 1183 3667 debere
1204 3607 1305 3684 ipsum

122 3718 203 3776 hunc
224 3705 380 3792 ‘Xoipanu’
404 3713 497 3771 fuisse
520 3715 697 3774 Orateteum.
737 3716 772 3772 cf.
793 3713 948 3774 Steinthal.
972 3712 992 3772 l.
1014 3711 1034 3770 l.
1057 3730 1086 3770 n.

209 3816 241 3895 2)
263 3815 300 3876 cf.
323 3815 479 3875 steinthal.
502 3835 530 3892 p.
556 3820 614 3874 539
638 3837 668 3875 n.
694 3820 720 3874 1.

209 3919 241 3997 S)
264 3918 302 3978 cf.
323 3917 504 3996 Bernhardy.
527 3919 675 3979 Eratosth.
698 3938 727 3995 p.
751 3923 821 3978 218.

208 4020 239 4098 4)
263 4022 300 4080 cf.
323 4021 425 4080 Lehrc.
448 4024 498 4079 Ar.
521 4042 551 4099 p.
576 4026 644 4082 104.

210 4122 456 4201 5)cf.Suid.1,
488 4128 506 4180 2
540 4144 569 4201 p.
593 4128 671 4196 820,
702 4109 778 4198 6ιῆ
808 4119 837 4183 δ’
862 4116 911 4193 άς·
943 4118 1008 4182 ἀντὶ
1039 4123 1092 4181 τοῦ
1114 4117 1172 4198 ἔφη
1195 4115 1229 4180 δὲ
1259 4115 1303 4192 ὅς.

120 4221 215 4309 τούτῳ
244 4226 371 4304 χρῶνται
399 4221 449 4282 καὶ
481 4221 529 4284 ἐπὶ
550 4221 705 4302 πλήθους,
735 4222 785 4285 καί
810 4223 856 4286 lat
888 4227 1025 4303 θηλοκοῦ
1053 4222 1105 4284 καὶ
1133 4219 1303 4303 ἀρσενικοῦ.

120 4330 211 4393 schol.
242 4327 317 4387 Plat.
340 4326 449 4388 Phaed.
482 4333 520 4388 65
551 4330 593 4389 B:
622 4321 752 4386 τάττεται
780 4324 812 4389 δὲ
843 4325 893 4390 ἐπὶ
922 4322 1032 4398 παντὸς
1061 4321 1228 4409 προσώπου
1248 4325 1304 4389 καί

121 4426 263 4514 άριθμοῦ.
