2866 4928
604 240 816 308 ..57-

120 411 311 478 mediocrem
341 412 431 480 dedit
460 431 591 494 operam
607 414 646 497 1).
679 406 769 480 cuins
799 414 1039 479 commentarios
1069 414 1151 479 inter
1181 411 1301 494 scripta

122 543 142 589 a
165 524 303 608 Didymo
325 530 482 608 usurpata
505 534 592 592 recte
614 524 773 590 recensuit
795 523 957 606 LehrsinS,
981 525 1037 591 Ar.
1059 545 1090 607 p.
1112 526 1171 604 303
1194 527 1303 590 aetate

120 655 191 702 eum
223 636 308 702 inter
330 636 551 702 Aristarchum
583 640 617 703 et
644 634 860 717 Didymum')
890 633 1089 702 referendum
1117 636 1200 702 vidit
1229 640 1303 718 post

120 745 390 813 Graelenhanium
422 749 461 832 (t.
483 748 516 812 II
538 768 569 830 p.
595 748 670 830 118)
692 747 740 812 La
761 746 878 828 Roche,
900 747 940 812 H.
964 747 998 812 T.
1021 748 1079 815 81:
1113 747 1301 814 Aristarcho

119 859 204 924 enim
234 877 305 924 eum
337 859 546 940 posteriorem
581 858 790 924 disertissime
823 857 932 940 arguit
954 858 1052 923 schol.
1075 858 1176 926 1605
1203 851 1299 945 Ἀρί-

120 989 259 1056 σταρχος
287 966 349 1057 γὰρ
376 963 453 1034 diaeo
480 973 537 1035 τοῦ
564 968 580 1034 ῖ
603 963 684 1033 -ὁ
714 967 751 1035 δὲ
781 971 904 1058 Χαῖρις
927 968 1061 1054 βοηθῶν
1093 961 1180 1057 αὐτῷ
1203 988 1302 1057 φησιν

118 1074 185 1146 uri.
229 1061 372 1147 attamen
389 1077 511 1162 miror,
534 1082 618 1163 quod
641 1080 721 1146 nihil
744 1082 862 1147 certius
884 1081 945 1148 viri
967 1080 1053 1147 docti
1075 1084 1116 1147 de
1138 1100 1185 1160 eo,
1208 1085 1242 1146 et
1264 1100 1302 1147 ne

119 1192 167 1257 La
188 1192 330 1257 Rochius
361 1192 489 1274 quidem
519 1192 701 1258 statuerint.
746 1193 892 1273 equidem
927 1193 1010 1259 enirn
1044 1192 1149 1258 nullus
1181 1191 1303 1269 dubito,

118 1303 194 1385 quin
226 1301 407 1369 Aristarchi
439 1303 665 1385 discipulorum
696 1303 853 1369 consortio
882 1303 1013 1370 Chaeris
1042 1304 1085 1369 sit
1107 1304 1301 1369 inserendus.

119 1413 238 1480 clamat
268 1414 352 1479 enim
383 1413 594 1481 disertissime
625 1414 806 1480 Aristarchi
835 1413 867 1479 in
900 1415 1068 1497 disciplina
1097 1433 1169 1480 curn
1203 1412 1301 1479 fuisso

117 1525 215 1592 schol.
247 1527 332 1609 quod
362 1527 455 1591 modo
487 1526 654 1592 attulimus
681 1525 857 1592 Herodiani
886 1530 907 1589 1
934 1525 1012 1606 605,
1039 1526 1094 1591 uhi
1124 1524 1303 1590 Aristarchi

116 1635 218 1702 falsae
240 1638 338 1724 τιμῇς
360 1637 446 1703 vocis
469 1642 507 1701 ut
528 1637 669 1720 genetivi
692 1636 894 1718 explicationi
917 1638 1077 1704 succurrit
1098 1644 1132 1704 et
1153 1672 1195 1682 -
1217 1636 1301 1719 quod

117 1746 248 1812 maximi
281 1754 331 1813 est
362 1748 513 1814 momenti
535 1783 577 1794 -
599 1767 660 1830 qno
689 1748 743 1815 ille
765 1767 861 1815 versu
883 1747 1061 1831 opinionem
1084 1766 1174 1813 suam
1201 1748 1302 1814 tuitus

117 1857 170 1940 sit,
192 1857 307 1924 refert:
331 1852 348 1922 ὁ
370 1857 408 1925 δὲ
430 1862 554 1947 Χαῖρις
574 1858 709 1944 βοηθῶν
730 1850 818 1948 αὐτῷ
842 1879 949 1946 φησιν,
974 1852 1025 1924 ὅτι
1047 1855 1197 1946 ἐπιφέρει
1222 1851 1301 1924 ‘oh'n

117 1990 159 2051 με
181 1962 300 2055 ταύτης
319 1968 403 2058 χρεο)
435 1961 538 2058 τιμῆς
562 1972 605 2055 (v.
629 1969 716 2053 607).
761 1971 879 2037 clamat
901 1972 986 2037 idem
1009 1972 1106 2038 schol.
1129 1996 1147 2055 η
1172 1971 1224 2050 80,
1246 1969 1301 2035 ubi

117 2085 300 2161 suspectum
315 2099 384 2147 esse
401 2081 589 2146 Aristarcho
604 2080 708 2147 locum
725 2087 880 2147 testatur:
903 2076 1124 2148 ὑποπτεύεται
1146 2078 1164 2148 ὁ
1186 2079 1300 2163 τόπος,

118 2184 161 2266 ὡς
183 2188 238 2254 καὶ
260 2187 384 2278 Χαῖρίς
405 2211 505 2280 φησιν
528 2188 562 2256 ἐν
584 2191 827 2277 διορθωτιτοῖς.
849 2231 892 2241 -
915 2214 976 2260 non
992 2195 1167 2276 indignum,
1190 2195 1221 2260 in
1237 2214 1300 2278 qno

117 2301 294 2385 paullulum
318 2323 491 2383 moremur,
524 2303 621 2368 schol.
644 2310 675 2368 N
700 2305 770 2383 103,
792 2305 847 2370 ubi
870 2306 948 2372 haec
970 2306 1186 2372 Herodianus:
1207 2298 1300 2393 ’Λρί-

119 2431 258 2499 σταρχος
287 2410 417 2501 βαρύνει
440 2413 478 2479 τὸ
499 2410 617 2495 θώων,
646 2411 703 2479 καὶ
732 2411 876 2501 ἐπείσθη
906 2410 926 2504 ἡ
954 2411 1157 2502 παράδοσις;
1190 2422 1301 2483 contra

117 2525 307 2607 Pamphilus
323 2528 354 2592 in
378 2527 429 2593 his
443 2533 547 2609 genet.
570 2526 652 2608 plur.
675 2545 806 2594 severae
820 2527 987 2609 analogiae
1002 2527 1126 2609 legibus
1147 2528 1298 2595 addictus

117 2635 216 2703 fuisse
238 2637 372 2718 dicitur,
404 2640 459 2720 qui
491 2636 547 2703 καὶ
568 2635 606 2703 τὸ
633 2632 753 2723 Τρώων
775 2636 832 2703 καὶ
854 2633 972 2723 δμώων
993 2635 1049 2703 καὶ
1072 2633 1202 2702 παίδων
1224 2631 1299 2704 ἆνε-

115 2742 253 2832 γίνωσκε
268 2749 450 2834 περισπῶν,
474 2743 576 2814 ἔτιδὲ
598 2747 654 2814 καὶ
676 2745 714 2814 τὸ
730 2744 864 2814 πάντων
878 2746 935 2814 καὶ
956 2744 1045 2813 λάων
1066 2748 1123 2814 καὶ
1143 2744 1297 2814 τίνων-

117 2858 265 2925 similiter
297 2867 405 2926 antem
436 2868 532 2943 atque
555 2881 627 2927 curn
650 2862 713 2928 iam
735 2867 810 2926 ante
840 2864 881 2927 de
903 2860 954 2926 his
975 2861 1134 2928 iudicasse
1155 2860 1296 2927 Dioclem

116 2976 150 3037 et
171 2971 358 3055 Dionysium
381 2972 535 3038 Thracem
567 2992 604 3038 ex
634 2972 737 3039 altera
765 2972 877 3039 scholii
907 2977 1000 3054 parte
1011 2976 1042 3056 8)
1073 2973 1299 3054 cognoscimus,

115 3095 221 3102 ...ο-α-

114 3163 209 3249 γόραν
230 3170 283 3229 καί
305 3163 357 3229 τόν
379 3163 531 3249 ’Ἄδμητον
554 3165 756 3252 ἀναγέγραφε,
779 3169 836 3232 aad.
878 3166 1076 3242 Ἀπολλώνιος
1099 3168 1131 3232 δὲ
1153 3164 1171 3232 ὅ
1195 3173 1233 3232 X.
1257 3207 1298 3217 -

116 3267 336 3351 Κλειταγόραν,
366 3268 515 3355 decliner
543 3267 650 3347 αὐτόν,
681 3272 738 3336 art.
762 3283 915 3356 -atque
943 3277 986 3337 ita
1007 3276 1200 3356 Apollonius,
1231 3296 1298 3336 cum

114 3376 267 3436 Herodico
297 3376 342 3437 illi
365 3379 502 3439 Oratetoo
525 3379 712 3459 obloquatur,
734 3384 769 3439 ut
791 3380 945 3440 Ohacridis
967 3381 1055 3454 filius,
1088 3385 1118 3439 at
1141 3378 1206 3456 ipse
1229 3380 1297 3438 Ari·

10 3555 14 3559 ¹
114 3482 284 3540 curandum
307 3502 339 3541 sc
361 3484 512 3560 praebeat.
536 3515 576 3525 -

203 3583 232 3662 1)
255 3583 483 3663 disputaverunt
512 3586 549 3644 de
582 3604 616 3644 co
647 3585 776 3646 Bocohh.
800 3587 898 3645 Praef.
921 3585 1025 3647 scholl.
1048 3586 1136 3647 Pind.
1158 3607 1187 3664 p.
1211 3587 1295 3646 XVI.

115 3686 149 3745 Ο.
172 3685 350 3760 Schneider,
380 3691 434 3747 Ar.
458 3688 562 3748 acholl.
584 3690 673 3749 fontt.
696 3708 724 3766 p.
749 3694 798 3748 89.
843 3690 888 3749 La
909 3690 1028 3763 Bocha,
1051 3691 1090 3750 H.
1114 3690 1147 3752 Τ.
1172 3696 1221 3751 81.
1245 3695 1295 3749 82.

112 3821 155 3833 -
178 3792 216 3852 cf.
248 3790 363 3851 Villois.
393 3792 473 3852 Prol.
503 3792 540 3852 Il.
572 3792 693 3853 XXIX.
723 3791 824 3851 —de
856 3792 977 3852 nominc
1006 3811 1095 3872 saepe
1123 3792 1157 3853 in
1191 3785 1297 3871 Χάρης

114 3897 239 3968 mutato,
261 3894 334 3954 itam
356 3894 389 3954 in
414 3889 511 3974 Χάρις
535 3897 583 3966 (cf.
607 3896 685 3975 quod
708 3894 846 3955 similiter
867 3897 980 3955 factum
1001 3897 1088 3956 modo
1111 3896 1240 3959 vidimus
1262 3897 1294 3957 in

114 3996 277 4075 Apollonio
310 3996 476 4074 Chaeridis)
505 4019 535 4060 v.
565 4000 609 4059 La
630 4000 725 4058 Roch.
755 4020 785 4059 n.
810 4000 878 4059 147.
922 3999 955 4058 in
984 4000 1087 4061 scholl.
1110 4000 1185 4060 Van.
1213 4005 1242 4060 A
1266 4006 1296 4061 ot

114 4099 201 4160 Pind.
218 4101 318 4161 ubivis
333 4101 444 4176 legitur
461 4101 577 4178 Χαῖρις.
593 4134 633 4144 -
649 4102 738 4161 etiam
750 4102 831 4162 infra
847 4101 943 4163 oratio
958 4102 990 4162 in
1003 4105 1082 4164 hanc
1098 4124 1161 4163 ram
1172 4103 1293 4164 incidet.

198 4202 231 4282 2)
253 4204 382 4283 Didymo
418 4203 549 4282 priorem
584 4225 651 4264 aum
688 4225 752 4266 assa
788 4210 817 4265 et
849 4205 914 4282 ipse
945 4206 1073 4269 Bocckh.
1104 4208 1248 4268 conclusit
1278 4229 1294 4268 e

111 4304 204 4364 schol.
227 4307 318 4384 Pyth.
341 4306 395 4379 IV,
418 4312 490 4365 446.

197 4407 230 4485 3)
252 4409 336 4469 onius
367 4409 512 4470 nonnulla
539 4411 696 4471 admodum
725 4414 846 4474 turbata
876 4418 966 4487 sunt,
993 4413 1112 4474 tradita.
1135 4416 1243 4474 amma
1264 4447 1305 4456 -
