<?xml version="1.0" encoding="UTF-8"?>
<!DOCTYPE html PUBLIC "-//W3C//DTD XHTML 1.0 Transitional//EN"
    "http://www.w3.org/TR/xhtml1/DTD/xhtml1-transitional.dtd">
<html xmlns="http://www.w3.org/1999/xhtml" xml:lang="en" lang="en">
 <head>
  <title>
</title>
<meta http-equiv="Content-Type" content="text/html;charset=utf-8" />
  <meta name='ocr-system' content='tesseract 3.04.00' />
  <meta name='ocr-capabilities' content='ocr_page ocr_carea ocr_par ocr_line ocrx_word'/>
</head>
<body>
  <div class='ocr_page' id='page_1' title='image "./dearistarchidis00blaugoog_0051.png"; bbox 0 0 2866 4928; ppageno 0'>
   <div class='ocr_carea' id='block_1_1' title="bbox 589 145 799 208">
    <p class='ocr_par' dir='ltr' id='par_1_1' title="bbox 589 145 799 208">
     <span class='ocr_line' id='line_1_1' title="bbox 589 145 799 208; baseline 0.005 -14"><span class='ocrx_word' id='word_1_1' title='bbox 589 145 799 208; x_wconf 77' lang='lat'><strong>..42-</strong></span> 
     </span>
    </p>
   </div>
   <div class='ocr_carea' id='block_1_2' title="bbox 103 309 1321 1844">
    <p class='ocr_par' dir='ltr' id='par_1_2' title="bbox 103 309 1321 1844">
     <span class='ocr_line' id='line_1_2' title="bbox 104 309 1286 397; baseline 0.004 -23"><span class='ocrx_word' id='word_1_2' title='bbox 104 309 164 377; x_wconf 90' lang='lat' dir='ltr'><strong>hoo</strong></span> <span class='ocrx_word' id='word_1_3' title='bbox 185 311 312 394; x_wconf 91' lang='lat' dir='ltr'><strong>quidem</strong></span> <span class='ocrx_word' id='word_1_4' title='bbox 336 317 423 378; x_wconf 86' lang='lat' dir='ltr'><strong>tenet</strong></span> <span class='ocrx_word' id='word_1_5' title='bbox 439 313 575 395; x_wconf 83' lang='lat' dir='ltr'><strong>Glinton,</strong></span> <span class='ocrx_word' id='word_1_6' title='bbox 599 315 633 378; x_wconf 87' lang='lat' dir='ltr'><strong>F.</strong></span> <span class='ocrx_word' id='word_1_7' title='bbox 657 315 696 378; x_wconf 94' lang='lat' dir='ltr'><strong>H.</strong></span> <span class='ocrx_word' id='word_1_8' title='bbox 719 315 777 397; x_wconf 93' lang='lat' dir='ltr'><strong>Ill,</strong></span> <span class='ocrx_word' id='word_1_9' title='bbox 800 318 840 382; x_wconf 80' lang='lat'><strong>89</strong></span> <span class='ocrx_word' id='word_1_10' title='bbox 864 317 1031 382; x_wconf 86' lang='lat' dir='ltr'><strong>s.a.160:</strong></span> <span class='ocrx_word' id='word_1_11' title='bbox 1055 352 1124 394; x_wconf 92' lang='lat'><strong>„—</strong></span> <span class='ocrx_word' id='word_1_12' title='bbox 1148 314 1286 396; x_wconf 82' lang='lat' dir='ltr'><strong>Satyrus</strong></span> 
     </span>
     <span class='ocr_line' id='line_1_3' title="bbox 105 423 1285 508; baseline 0.004 -22"><span class='ocrx_word' id='word_1_13' title='bbox 105 441 170 488; x_wconf 88' lang='lat' dir='ltr'><strong>was</strong></span> <span class='ocrx_word' id='word_1_14' title='bbox 194 423 248 487; x_wconf 88' lang='lat' dir='ltr'><strong>the</strong></span> <span class='ocrx_word' id='word_1_15' title='bbox 271 426 455 504; x_wconf 87' lang='lat' dir='ltr'><strong>companion</strong></span> <span class='ocrx_word' id='word_1_16' title='bbox 486 424 521 489; x_wconf 86' lang='lat' dir='ltr'><strong>ol</strong></span> <span class='ocrx_word' id='word_1_17' title='bbox 540 425 766 508; x_wconf 78' lang='lat' dir='ltr'><strong>Aristarchus,</strong></span> <span class='ocrx_word' id='word_1_18' title='bbox 796 426 865 491; x_wconf 87' lang='lat' dir='ltr'><strong>who</strong></span> <span class='ocrx_word' id='word_1_19' title='bbox 892 425 1064 492; x_wconf 88' lang='lat' dir='ltr'><strong>flourished</strong></span> <span class='ocrx_word' id='word_1_20' title='bbox 1094 427 1196 492; x_wconf 92' lang='lat' dir='ltr'><strong>under</strong></span> <span class='ocrx_word' id='word_1_21' title='bbox 1228 425 1285 491; x_wconf 90' lang='lat' dir='ltr'><strong>the</strong></span> 
     </span>
     <span class='ocr_line' id='line_1_4' title="bbox 105 534 1285 617; baseline 0.002 -19"><span class='ocrx_word' id='word_1_22' title='bbox 105 534 191 599; x_wconf 85' lang='lat' dir='ltr'><strong>sixth</strong></span> <span class='ocrx_word' id='word_1_23' title='bbox 213 534 356 617; x_wconf 89' lang='lat' dir='ltr'><strong>Ptolemy</strong></span> <span class='ocrx_word' id='word_1_24' title='bbox 379 573 430 600; x_wconf 90' lang='lat'><strong>—.</strong></span> <span class='ocrx_word' id='word_1_25' title='bbox 474 535 566 600; x_wconf 92' lang='lat' dir='ltr'><strong>Phot.</strong></span> <span class='ocrx_word' id='word_1_26' title='bbox 590 539 658 601; x_wconf 94' lang='lat' dir='ltr'><strong>cod.</strong></span> <span class='ocrx_word' id='word_1_27' title='bbox 682 537 761 603; x_wconf 83' lang='lat' dir='ltr'><strong>OXO</strong></span> <span class='ocrx_word' id='word_1_28' title='bbox 784 575 834 601; x_wconf 92' lang='lat'><strong>-.</strong></span> <span class='ocrx_word' id='word_1_29' title='bbox 879 537 936 602; x_wconf 89' lang='lat' dir='ltr'><strong>We</strong></span> <span class='ocrx_word' id='word_1_30' title='bbox 966 542 1052 603; x_wconf 86' lang='lat' dir='ltr'><strong>must</strong></span> <span class='ocrx_word' id='word_1_31' title='bbox 1079 537 1155 601; x_wconf 89' lang='lat' dir='ltr'><strong>here</strong></span> <span class='ocrx_word' id='word_1_32' title='bbox 1184 536 1285 601; x_wconf 85' lang='lat' dir='ltr'><strong>inter·</strong></span> 
     </span>
     <span class='ocr_line' id='line_1_5' title="bbox 104 641 1286 732; baseline 0.003 -24"><span class='ocrx_word' id='word_1_33' title='bbox 104 651 177 726; x_wconf 87' lang='lat' dir='ltr'><strong>pret</strong></span> <span class='ocrx_word' id='word_1_34' title='bbox 198 641 359 732; x_wconf 75' lang='grc' dir='ltr'><em>γνώριμος</em></span> <span class='ocrx_word' id='word_1_35' title='bbox 389 648 612 728; x_wconf 89' lang='lat' dir='ltr'><strong>‘companion’,</strong></span> <span class='ocrx_word' id='word_1_36' title='bbox 636 654 691 712; x_wconf 91' lang='lat' dir='ltr'><strong>not</strong></span> <span class='ocrx_word' id='word_1_37' title='bbox 720 647 889 730; x_wconf 81' lang='lat' dir='ltr'><strong>‘disciple’3</strong></span> <span class='ocrx_word' id='word_1_38' title='bbox 922 649 1057 714; x_wconf 82' lang='lat' dir='ltr'><strong>because</strong></span> <span class='ocrx_word' id='word_1_39' title='bbox 1086 647 1286 724; x_wconf 84' lang='lat' dir='ltr'><strong>Heraclides,</strong></span> 
     </span>
     <span class='ocr_line' id='line_1_6' title="bbox 106 757 1321 841; baseline -0.003 -20"><span class='ocrx_word' id='word_1_40' title='bbox 106 757 207 822; x_wconf 86' lang='lat' dir='ltr'>whom</span> <span class='ocrx_word' id='word_1_41' title='bbox 239 757 372 841; x_wconf 84' lang='lat' dir='ltr'><strong>Satyrus</strong></span> <span class='ocrx_word' id='word_1_42' title='bbox 401 760 577 840; x_wconf 86' lang='lat' dir='ltr'><strong>preceded,</strong></span> <span class='ocrx_word' id='word_1_43' title='bbox 609 760 637 824; x_wconf 88' lang='lat' dir='ltr'><strong>is</strong></span> <span class='ocrx_word' id='word_1_44' title='bbox 665 759 733 824; x_wconf 90' lang='lat' dir='ltr'><strong>also</strong></span> <span class='ocrx_word' id='word_1_45' title='bbox 760 760 874 841; x_wconf 86' lang='lat' dir='ltr'><strong>placed</strong></span> <span class='ocrx_word' id='word_1_46' title='bbox 905 759 938 825; x_wconf 90' lang='lat' dir='ltr'><strong>in</strong></span> <span class='ocrx_word' id='word_1_47' title='bbox 967 758 1024 824; x_wconf 88' lang='lat' dir='ltr'><strong>the</strong></span> <span class='ocrx_word' id='word_1_48' title='bbox 1053 758 1142 841; x_wconf 85' lang='lat' dir='ltr'><strong>reign</strong></span> <span class='ocrx_word' id='word_1_49' title='bbox 1173 757 1208 824; x_wconf 83' lang='lat' dir='ltr'><strong>of</strong></span> <span class='ocrx_word' id='word_1_50' title='bbox 1228 757 1286 823; x_wconf 86' lang='lat' dir='ltr'><strong>the</strong></span> <span class='ocrx_word' id='word_1_51' title='bbox 1319 812 1321 817; x_wconf 40' lang='lat'><strong>.</strong></span> 
     </span>
     <span class='ocr_line' id='line_1_7' title="bbox 104 868 1285 955; baseline 0.003 -24"><span class='ocrx_word' id='word_1_52' title='bbox 104 868 189 933; x_wconf 87' lang='lat' dir='ltr'><strong>sixth</strong></span> <span class='ocrx_word' id='word_1_53' title='bbox 222 868 366 952; x_wconf 90' lang='lat' dir='ltr'><strong>Ptolemy</strong></span> <span class='ocrx_word' id='word_1_54' title='bbox 397 874 467 938; x_wconf 88' lang='lat'><strong>-.“</strong></span> <span class='ocrx_word' id='word_1_55' title='bbox 480 870 521 955; x_wconf 86' lang='grc'><strong>1).</strong></span> <span class='ocrx_word' id='word_1_56' title='bbox 564 873 621 936; x_wconf 86' lang='lat' dir='ltr'><strong>sed</strong></span> <span class='ocrx_word' id='word_1_57' title='bbox 651 871 739 936; x_wconf 92' lang='lat' dir='ltr'><strong>aliud</strong></span> <span class='ocrx_word' id='word_1_58' title='bbox 771 872 934 938; x_wconf 87' lang='lat' dir='ltr'><strong>contendit</strong></span> <span class='ocrx_word' id='word_1_59' title='bbox 963 870 1155 949; x_wconf 86' lang='lat' dir='ltr'><strong>Muellerue,</strong></span> <span class='ocrx_word' id='word_1_60' title='bbox 1183 869 1285 935; x_wconf 81' lang='lat' dir='ltr'><strong>FilG.</strong></span> 
     </span>
     <span class='ocr_line' id='line_1_8' title="bbox 103 980 1285 1065; baseline -0.001 -21"><span class='ocrx_word' id='word_1_61' title='bbox 103 980 152 1044; x_wconf 91' lang='grc' dir='ltr'><strong>ΠΙ</strong></span> <span class='ocrx_word' id='word_1_62' title='bbox 174 998 205 1060; x_wconf 91' lang='lat' dir='ltr'><strong>p.</strong></span> <span class='ocrx_word' id='word_1_63' title='bbox 229 981 299 1046; x_wconf 84' lang='lat'><strong>159.</strong></span> <span class='ocrx_word' id='word_1_64' title='bbox 344 981 399 1061; x_wconf 91' lang='lat' dir='ltr'><strong>qui</strong></span> <span class='ocrx_word' id='word_1_65' title='bbox 421 981 494 1047; x_wconf 92' lang='lat' dir='ltr'><strong>hinc</strong></span> <span class='ocrx_word' id='word_1_66' title='bbox 515 981 694 1062; x_wconf 85' lang='lat' dir='ltr'><strong>profectus,</strong></span> <span class='ocrx_word' id='word_1_67' title='bbox 725 985 809 1064; x_wconf 90' lang='lat' dir='ltr'><strong>quod</strong></span> <span class='ocrx_word' id='word_1_68' title='bbox 838 981 945 1065; x_wconf 88' lang='lat' dir='ltr'><strong>Satyri</strong></span> <span class='ocrx_word' id='word_1_69' title='bbox 973 981 1137 1049; x_wconf 87' lang='lat' dir='ltr'><strong>cuiusdam</strong></span> <span class='ocrx_word' id='word_1_70' title='bbox 1165 999 1285 1046; x_wconf 90' lang='lat' dir='ltr'><strong>memo·</strong></span> 
     </span>
     <span class='ocr_line' id='line_1_9' title="bbox 107 1079 1285 1179; baseline 0.003 -26"><span class='ocrx_word' id='word_1_71' title='bbox 107 1097 237 1171; x_wconf 89' lang='lat' dir='ltr'><strong>rantur,</strong></span> <span class='ocrx_word' id='word_1_72' title='bbox 271 1097 308 1155; x_wconf 93' lang='lat' dir='ltr'><strong>ut</strong></span> <span class='ocrx_word' id='word_1_73' title='bbox 336 1092 400 1157; x_wconf 87' lang='lat' dir='ltr'><strong>alia</strong></span> <span class='ocrx_word' id='word_1_74' title='bbox 422 1079 526 1159; x_wconf 90' lang='lat' dir='ltr'><strong>nescio</strong></span> <span class='ocrx_word' id='word_1_75' title='bbox 556 1093 645 1158; x_wconf 89' lang='lat' dir='ltr'><strong>cuius</strong></span> <span class='ocrx_word' id='word_1_76' title='bbox 666 1100 808 1176; x_wconf 87' lang='lat' dir='ltr'><strong>taceam,</strong></span> <span class='ocrx_word' id='word_1_77' title='bbox 838 1089 954 1176; x_wconf 73' lang='grc' dir='ltr'><em>μύθων</em></span> <span class='ocrx_word' id='word_1_78' title='bbox 976 1085 1118 1179; x_wconf 78' lang='grc' dir='ltr'><em>ἀρχαίων</em></span> <span class='ocrx_word' id='word_1_79' title='bbox 1140 1091 1285 1158; x_wconf 87' lang='lat' dir='ltr'><strong>collectio</strong></span> 
     </span>
     <span class='ocr_line' id='line_1_10' title="bbox 107 1200 1286 1288; baseline -0.001 -22"><span class='ocrx_word' id='word_1_80' title='bbox 107 1200 158 1284; x_wconf 80' lang='lat' dir='ltr'><strong>(fr.</strong></span> <span class='ocrx_word' id='word_1_81' title='bbox 181 1203 223 1267; x_wconf 93' lang='grc'><strong>22</strong></span> <span class='ocrx_word' id='word_1_82' title='bbox 245 1204 332 1285; x_wconf 88' lang='lat' dir='ltr'><strong>apud</strong></span> <span class='ocrx_word' id='word_1_83' title='bbox 353 1203 513 1288; x_wconf 84' lang='lat' dir='ltr'><strong>Mueller.)</strong></span> <span class='ocrx_word' id='word_1_84' title='bbox 546 1215 580 1269; x_wconf 85' lang='lat' dir='ltr'><strong>et</strong></span> <span class='ocrx_word' id='word_1_85' title='bbox 612 1224 767 1288; x_wconf 85' lang='lat' dir='ltr'><strong>pagorum</strong></span> <span class='ocrx_word' id='word_1_86' title='bbox 790 1205 1077 1271; x_wconf 87' lang='lat' dir='ltr'><strong>Alexandrinorum</strong></span> <span class='ocrx_word' id='word_1_87' title='bbox 1100 1203 1240 1269; x_wconf 90' lang='lat' dir='ltr'><strong>recensio</strong></span> <span class='ocrx_word' id='word_1_88' title='bbox 1253 1202 1286 1286; x_wconf 79' lang='lat'><strong>²)</strong></span> 
     </span>
     <span class='ocr_line' id='line_1_11' title="bbox 107 1311 1286 1398; baseline 0.002 -24"><span class='ocrx_word' id='word_1_89' title='bbox 107 1311 159 1394; x_wconf 81' lang='lat' dir='ltr'><strong>(fr.</strong></span> <span class='ocrx_word' id='word_1_90' title='bbox 181 1314 254 1395; x_wconf 90' lang='grc'>21),</span> <span class='ocrx_word' id='word_1_91' title='bbox 287 1315 412 1379; x_wconf 88' lang='lat' dir='ltr'><strong>omnino</strong></span> <span class='ocrx_word' id='word_1_92' title='bbox 439 1315 537 1380; x_wconf 89' lang='lat' dir='ltr'><strong>alium</strong></span> <span class='ocrx_word' id='word_1_93' title='bbox 568 1318 624 1397; x_wconf 84' lang='lat' dir='ltr'><strong>qui</strong></span> <span class='ocrx_word' id='word_1_94' title='bbox 653 1316 733 1383; x_wconf 89' lang='lat' dir='ltr'><strong>haec</strong></span> <span class='ocrx_word' id='word_1_95' title='bbox 755 1316 979 1398; x_wconf 89' lang='lat' dir='ltr'><strong>conscripserit</strong></span> <span class='ocrx_word' id='word_1_96' title='bbox 1000 1333 1038 1379; x_wconf 91' lang='lat' dir='ltr'><strong>ac</strong></span> <span class='ocrx_word' id='word_1_97' title='bbox 1059 1313 1286 1395; x_wconf 88' lang='lat' dir='ltr'><strong>philosophum</strong></span> 
     </span>
     <span class='ocr_line' id='line_1_12' title="bbox 108 1425 1288 1508; baseline -0.001 -20"><span class='ocrx_word' id='word_1_98' title='bbox 108 1442 178 1489; x_wconf 89' lang='lat' dir='ltr'><strong>esse</strong></span> <span class='ocrx_word' id='word_1_99' title='bbox 209 1425 405 1506; x_wconf 88' lang='lat' dir='ltr'><strong>eundemque</strong></span> <span class='ocrx_word' id='word_1_100' title='bbox 436 1431 533 1508; x_wconf 89' lang='lat' dir='ltr'><strong>atque</strong></span> <span class='ocrx_word' id='word_1_101' title='bbox 561 1446 632 1492; x_wconf 92' lang='lat' dir='ltr'><strong>eum</strong></span> <span class='ocrx_word' id='word_1_102' title='bbox 667 1429 722 1508; x_wconf 91' lang='lat' dir='ltr'><strong>qui</strong></span> <span class='ocrx_word' id='word_1_103' title='bbox 752 1447 771 1493; x_wconf 89' lang='lat' dir='ltr'><strong>a</strong></span> <span class='ocrx_word' id='word_1_104' title='bbox 801 1427 915 1492; x_wconf 91' lang='lat' dir='ltr'><strong>Photio</strong></span> <span class='ocrx_word' id='word_1_105' title='bbox 946 1425 1125 1491; x_wconf 83' lang='lat' dir='ltr'><strong>Aristarchi</strong></span> <span class='ocrx_word' id='word_1_106' title='bbox 1158 1425 1288 1489; x_wconf 88' lang='lat' dir='ltr'><strong>dicatur</strong></span> 
     </span>
     <span class='ocr_line' id='line_1_13' title="bbox 107 1534 1288 1620; baseline 0.002 -22"><span class='ocrx_word' id='word_1_107' title='bbox 107 1535 283 1616; x_wconf 89' lang='lat' dir='ltr'><strong>discipulus</strong></span> <span class='ocrx_word' id='word_1_108' title='bbox 296 1539 326 1616; x_wconf 75' lang='grc'><strong>3)</strong></span> <span class='ocrx_word' id='word_1_109' title='bbox 350 1535 447 1620; x_wconf 90' lang='lat' dir='ltr'><strong>(hunc</strong></span> <span class='ocrx_word' id='word_1_110' title='bbox 469 1538 552 1602; x_wconf 90' lang='lat' dir='ltr'><strong>enim</strong></span> <span class='ocrx_word' id='word_1_111' title='bbox 575 1539 761 1620; x_wconf 91' lang='lat' dir='ltr'><strong>plerumque</strong></span> <span class='ocrx_word' id='word_1_112' title='bbox 783 1557 853 1604; x_wconf 86' lang='lat' dir='ltr'><strong>esse</strong></span> <span class='ocrx_word' id='word_1_113' title='bbox 876 1557 1002 1604; x_wconf 89' lang='lat' dir='ltr'><strong>sensum</strong></span> <span class='ocrx_word' id='word_1_114' title='bbox 1026 1537 1143 1617; x_wconf 92' lang='lat' dir='ltr'><strong>solere,</strong></span> <span class='ocrx_word' id='word_1_115' title='bbox 1165 1534 1220 1599; x_wconf 92' lang='lat' dir='ltr'><strong>uhi</strong></span> <span class='ocrx_word' id='word_1_116' title='bbox 1243 1536 1288 1600; x_wconf 92' lang='lat' dir='ltr'><strong>de</strong></span> 
     </span>
     <span class='ocr_line' id='line_1_14' title="bbox 108 1644 1289 1736; baseline 0 -27"><span class='ocrx_word' id='word_1_117' title='bbox 108 1645 247 1710; x_wconf 87' lang='lat' dir='ltr'><strong>literatis</strong></span> <span class='ocrx_word' id='word_1_118' title='bbox 269 1664 373 1711; x_wconf 87' lang='lat' dir='ltr'><strong>sermo</strong></span> <span class='ocrx_word' id='word_1_119' title='bbox 396 1649 447 1726; x_wconf 87' lang='lat' dir='ltr'><strong>sit,</strong></span> <span class='ocrx_word' id='word_1_120' title='bbox 469 1650 555 1714; x_wconf 79' lang='lat' dir='ltr'><strong>vocis</strong></span> <span class='ocrx_word' id='word_1_121' title='bbox 576 1644 751 1736; x_wconf 76' lang='grc' dir='ltr'><em>γνώριμος)</em></span> <span class='ocrx_word' id='word_1_122' title='bbox 775 1649 835 1714; x_wconf 91' lang='lat' dir='ltr'><strong>sibi</strong></span> <span class='ocrx_word' id='word_1_123' title='bbox 857 1650 1025 1730; x_wconf 88' lang='lat' dir='ltr'><strong>persuasit.</strong></span> <span class='ocrx_word' id='word_1_124' title='bbox 1069 1648 1154 1712; x_wconf 93' lang='lat' dir='ltr'><strong>idem</strong></span> <span class='ocrx_word' id='word_1_125' title='bbox 1176 1650 1289 1710; x_wconf 89' lang='lat' dir='ltr'><strong>censet</strong></span> 
     </span>
     <span class='ocr_line' id='line_1_15' title="bbox 109 1757 1288 1844; baseline 0.001 -24"><span class='ocrx_word' id='word_1_126' title='bbox 109 1757 410 1843; x_wconf 63' lang='grc'>1111111111114)</span> <span class='ocrx_word' id='word_1_127' title='bbox 433 1759 464 1824; x_wconf 93' lang='lat' dir='ltr'><strong>in</strong></span> <span class='ocrx_word' id='word_1_128' title='bbox 480 1760 592 1844; x_wconf 87' lang='lat' dir='ltr'><strong>Paulyi</strong></span> <span class='ocrx_word' id='word_1_129' title='bbox 614 1761 680 1826; x_wconf 88' lang='lat' dir='ltr'><strong>ER.</strong></span> <span class='ocrx_word' id='word_1_130' title='bbox 703 1780 727 1826; x_wconf 89' lang='lat' dir='ltr'><strong>s.</strong></span> <span class='ocrx_word' id='word_1_131' title='bbox 744 1779 772 1826; x_wconf 92' lang='grc'><strong>1.</strong></span> <span class='ocrx_word' id='word_1_132' title='bbox 792 1761 976 1844; x_wconf 69' lang='grc'>81111111).</span> <span class='ocrx_word' id='word_1_133' title='bbox 999 1799 1040 1807; x_wconf 82' lang='grc'><strong>-</strong></span> <span class='ocrx_word' id='word_1_134' title='bbox 1064 1776 1195 1840; x_wconf 89' lang='lat' dir='ltr'><strong>quorum</strong></span> <span class='ocrx_word' id='word_1_135' title='bbox 1213 1775 1288 1822; x_wconf 90' lang='lat' dir='ltr'><strong>sen·</strong></span> 
     </span>
    </p>
   </div>
   <div class='ocr_carea' id='block_1_3' title="bbox 108 2066 1294 4422">
    <p class='ocr_par' dir='ltr' id='par_1_3' title="bbox 108 2066 1292 2543">
     <span class='ocr_line' id='line_1_16' title="bbox 198 2066 1289 2148; baseline -0.003 -19"><span class='ocrx_word' id='word_1_136' title='bbox 198 2072 227 2147; x_wconf 92' lang='lat' dir='ltr'><strong>l)</strong></span> <span class='ocrx_word' id='word_1_137' title='bbox 249 2072 285 2131; x_wconf 82' lang='lat' dir='ltr'><strong>cf.</strong></span> <span class='ocrx_word' id='word_1_138' title='bbox 308 2072 469 2133; x_wconf 88' lang='lat' dir='ltr'><strong>Steinhart.</strong></span> <span class='ocrx_word' id='word_1_139' title='bbox 500 2074 622 2134; x_wconf 84' lang='lat' dir='ltr'><strong>Platone</strong></span> <span class='ocrx_word' id='word_1_140' title='bbox 653 2074 771 2146; x_wconf 88' lang='lat' dir='ltr'><strong>Leben,</strong></span> <span class='ocrx_word' id='word_1_141' title='bbox 804 2093 833 2148; x_wconf 91' lang='lat' dir='ltr'><strong>p.</strong></span> <span class='ocrx_word' id='word_1_142' title='bbox 859 2076 908 2131; x_wconf 88' lang='lat'><strong>18.</strong></span> <span class='ocrx_word' id='word_1_143' title='bbox 950 2072 1032 2130; x_wconf 89' lang='lat' dir='ltr'><strong>Jons.</strong></span> <span class='ocrx_word' id='word_1_144' title='bbox 1063 2068 1182 2144; x_wconf 87' lang='lat' dir='ltr'><strong>Scriptt.</strong></span> <span class='ocrx_word' id='word_1_145' title='bbox 1212 2066 1289 2126; x_wconf 85' lang='lat' dir='ltr'><strong>hist.</strong></span> 
     </span>
     <span class='ocr_line' id='line_1_17' title="bbox 108 2168 1288 2252; baseline -0.003 -22"><span class='ocrx_word' id='word_1_146' title='bbox 108 2172 181 2248; x_wconf 92' lang='lat' dir='ltr'><strong>phil.</strong></span> <span class='ocrx_word' id='word_1_147' title='bbox 204 2175 246 2246; x_wconf 91' lang='grc' dir='ltr'><strong>ΙΙ,</strong></span> <span class='ocrx_word' id='word_1_148' title='bbox 274 2179 319 2247; x_wconf 95' lang='grc'><strong>11,</strong></span> <span class='ocrx_word' id='word_1_149' title='bbox 343 2181 377 2234; x_wconf 84' lang='lat'><strong>2:</strong></span> <span class='ocrx_word' id='word_1_150' title='bbox 403 2175 588 2248; x_wconf 82' lang='lat' dir='ltr'><strong>„Aristarchi</strong></span> <span class='ocrx_word' id='word_1_151' title='bbox 610 2176 763 2235; x_wconf 85' lang='lat' dir='ltr'><strong>familiaris</strong></span> <span class='ocrx_word' id='word_1_152' title='bbox 786 2183 850 2235; x_wconf 88' lang='lat' dir='ltr'><strong>erat</strong></span> <span class='ocrx_word' id='word_1_153' title='bbox 871 2175 994 2252; x_wconf 84' lang='lat' dir='ltr'><strong>Satyrus</strong></span> <span class='ocrx_word' id='word_1_154' title='bbox 1015 2205 1074 2245; x_wconf 90' lang='lat'><strong>-,</strong></span> <span class='ocrx_word' id='word_1_155' title='bbox 1107 2168 1288 2245; x_wconf 84' lang='lat' dir='ltr'><strong>Peripateti-</strong></span> 
     </span>
     <span class='ocr_line' id='line_1_18' title="bbox 109 2253 1290 2355; baseline -0.003 -23"><span class='ocrx_word' id='word_1_156' title='bbox 109 2295 159 2333; x_wconf 89' lang='lat' dir='ltr'><strong>cus</strong></span> <span class='ocrx_word' id='word_1_157' title='bbox 181 2275 239 2334; x_wconf 86' lang='lat' dir='ltr'><strong>fuit</strong></span> <span class='ocrx_word' id='word_1_158' title='bbox 259 2277 455 2354; x_wconf 86' lang='lat' dir='ltr'><strong>philosophus</strong></span> <span class='ocrx_word' id='word_1_159' title='bbox 476 2281 546 2335; x_wconf 90' lang='lat'><strong>—“.</strong></span> <span class='ocrx_word' id='word_1_160' title='bbox 568 2253 790 2355; x_wconf 41' lang='lat' dir='ltr'><strong>PartheyJDas</strong></span> <span class='ocrx_word' id='word_1_161' title='bbox 813 2278 889 2336; x_wconf 88' lang='lat' dir='ltr'><strong>alex.</strong></span> <span class='ocrx_word' id='word_1_162' title='bbox 907 2279 983 2335; x_wconf 82' lang='lat' dir='ltr'><strong>Mus.</strong></span> <span class='ocrx_word' id='word_1_163' title='bbox 999 2296 1028 2352; x_wconf 94' lang='lat' dir='ltr'><strong>p.</strong></span> <span class='ocrx_word' id='word_1_164' title='bbox 1045 2279 1124 2332; x_wconf 81' lang='lat'><strong>208:</strong></span> <span class='ocrx_word' id='word_1_165' title='bbox 1146 2305 1211 2346; x_wconf 90' lang='lat'><strong>„—</strong></span> <span class='ocrx_word' id='word_1_166' title='bbox 1234 2271 1290 2329; x_wconf 86' lang='lat' dir='ltr'><strong>Sa·</strong></span> 
     </span>
     <span class='ocr_line' id='line_1_19' title="bbox 108 2375 1292 2456; baseline -0.003 -21"><span class='ocrx_word' id='word_1_167' title='bbox 108 2383 193 2454; x_wconf 87' lang='lat' dir='ltr'><strong>tyrus</strong></span> <span class='ocrx_word' id='word_1_168' title='bbox 216 2379 268 2437; x_wconf 91' lang='lat' dir='ltr'><strong>der</strong></span> <span class='ocrx_word' id='word_1_169' title='bbox 282 2380 509 2456; x_wconf 84' lang='lat' dir='ltr'><strong>Peripatetiker,</strong></span> <span class='ocrx_word' id='word_1_170' title='bbox 533 2382 588 2442; x_wconf 89' lang='lat' dir='ltr'><strong>mit</strong></span> <span class='ocrx_word' id='word_1_171' title='bbox 605 2384 670 2441; x_wconf 90' lang='lat' dir='ltr'><strong>dem</strong></span> <span class='ocrx_word' id='word_1_172' title='bbox 686 2381 847 2440; x_wconf 89' lang='lat' dir='ltr'><strong>Beinamen</strong></span> <span class='ocrx_word' id='word_1_173' title='bbox 869 2381 939 2456; x_wconf 77' lang='grc' dir='ltr'><strong><em>ζῆτα</em></strong></span> <span class='ocrx_word' id='word_1_174' title='bbox 962 2412 1012 2450; x_wconf 80' lang='lat'><strong>-,</strong></span> <span class='ocrx_word' id='word_1_175' title='bbox 1035 2377 1083 2436; x_wconf 90' lang='lat' dir='ltr'><strong>ein</strong></span> <span class='ocrx_word' id='word_1_176' title='bbox 1098 2375 1292 2450; x_wconf 83' lang='lat' dir='ltr'><strong>Zeitgenosse</strong></span> 
     </span>
     <span class='ocr_line' id='line_1_20' title="bbox 109 2480 434 2543; baseline 0.022 -7"><span class='ocrx_word' id='word_1_177' title='bbox 109 2480 160 2539; x_wconf 90' lang='lat' dir='ltr'><strong>des</strong></span> <span class='ocrx_word' id='word_1_178' title='bbox 181 2480 336 2542; x_wconf 84' lang='lat' dir='ltr'><strong>Aristaroh</strong></span> <span class='ocrx_word' id='word_1_179' title='bbox 357 2517 397 2526; x_wconf 92' lang='lat'><em>-</em></span> <span class='ocrx_word' id='word_1_180' title='bbox 410 2488 434 2543; x_wconf 90' lang='lat'><strong>“.</strong></span> 
     </span>
    </p>

    <p class='ocr_par' dir='ltr' id='par_1_4' title="bbox 195 2569 1002 2662">
     <span class='ocr_line' id='line_1_21' title="bbox 195 2569 1002 2662; baseline 0.002 -22"><span class='ocrx_word' id='word_1_181' title='bbox 195 2584 226 2657; x_wconf 82' lang='lat' dir='ltr'><strong>a)</strong></span> <span class='ocrx_word' id='word_1_182' title='bbox 249 2584 428 2662; x_wconf 82' lang='lat' dir='ltr'><strong>philosopho</strong></span> <span class='ocrx_word' id='word_1_183' title='bbox 451 2569 760 2647; x_wconf 60' lang='lat' dir='ltr'><strong>cremonensis.</strong></span> <span class='ocrx_word' id='word_1_184' title='bbox 784 2582 907 2659; x_wconf 79' lang='grc'>1111,</span> <span class='ocrx_word' id='word_1_185' title='bbox 934 2589 1002 2645; x_wconf 88' lang='lat' dir='ltr'><strong>rer.</strong></span> 
     </span>
    </p>

    <p class='ocr_par' dir='ltr' id='par_1_5' title="bbox 111 2685 1291 3281">
     <span class='ocr_line' id='line_1_22' title="bbox 196 2685 1291 2766; baseline 0 -24"><span class='ocrx_word' id='word_1_186' title='bbox 196 2685 227 2763; x_wconf 87' lang='grc'><strong>3)</strong></span> <span class='ocrx_word' id='word_1_187' title='bbox 249 2706 310 2746; x_wconf 87' lang='lat' dir='ltr'><strong>non</strong></span> <span class='ocrx_word' id='word_1_188' title='bbox 333 2689 442 2748; x_wconf 85' lang='lat' dir='ltr'><strong>absone</strong></span> <span class='ocrx_word' id='word_1_189' title='bbox 466 2690 626 2751; x_wconf 85' lang='lat' dir='ltr'><strong>Muellerus</strong></span> <span class='ocrx_word' id='word_1_190' title='bbox 648 2691 667 2749; x_wconf 95' lang='grc'><strong>1.</strong></span> <span class='ocrx_word' id='word_1_191' title='bbox 689 2691 727 2750; x_wconf 80' lang='lat' dir='ltr'><strong>h:</strong></span> <span class='ocrx_word' id='word_1_192' title='bbox 759 2689 865 2764; x_wconf 78' lang='lat' dir='ltr'><strong>„Quod</strong></span> <span class='ocrx_word' id='word_1_193' title='bbox 897 2688 1050 2764; x_wconf 87' lang='lat' dir='ltr'><strong>epitheton</strong></span> <span class='ocrx_word' id='word_1_194' title='bbox 1082 2685 1180 2766; x_wconf 74' lang='grc' dir='ltr'><strong><em>[ζῆτα]</em></strong></span> <span class='ocrx_word' id='word_1_195' title='bbox 1210 2685 1291 2744; x_wconf 91' lang='lat' dir='ltr'><strong>bene</strong></span> 
     </span>
     <span class='ocr_line' id='line_1_23' title="bbox 111 2787 1291 2870; baseline -0.002 -22"><span class='ocrx_word' id='word_1_196' title='bbox 111 2790 189 2848; x_wconf 85' lang='lat' dir='ltr'><strong>cadit</strong></span> <span class='ocrx_word' id='word_1_197' title='bbox 217 2791 248 2848; x_wconf 93' lang='lat' dir='ltr'><strong>in</strong></span> <span class='ocrx_word' id='word_1_198' title='bbox 279 2791 455 2851; x_wconf 86' lang='lat' dir='ltr'><strong>laboriosam</strong></span> <span class='ocrx_word' id='word_1_199' title='bbox 484 2793 571 2852; x_wconf 86' lang='lat' dir='ltr'><strong>istam</strong></span> <span class='ocrx_word' id='word_1_200' title='bbox 593 2794 810 2870; x_wconf 83' lang='lat' dir='ltr'><strong>periegetarum</strong></span> <span class='ocrx_word' id='word_1_201' title='bbox 842 2793 877 2849; x_wconf 90' lang='lat' dir='ltr'><strong>de</strong></span> <span class='ocrx_word' id='word_1_202' title='bbox 899 2791 972 2850; x_wconf 89' lang='lat' dir='ltr'><strong>locis</strong></span> <span class='ocrx_word' id='word_1_203' title='bbox 995 2809 1156 2869; x_wconf 91' lang='lat' dir='ltr'><strong>eorumque</strong></span> <span class='ocrx_word' id='word_1_204' title='bbox 1177 2787 1291 2846; x_wconf 83' lang='lat' dir='ltr'><strong>fabulis</strong></span> 
     </span>
     <span class='ocr_line' id='line_1_24' title="bbox 113 2890 1289 2975; baseline -0.003 -25"><span class='ocrx_word' id='word_1_205' title='bbox 113 2893 331 2972; x_wconf 80' lang='lat' dir='ltr'><strong>diligentiam“;</strong></span> <span class='ocrx_word' id='word_1_206' title='bbox 365 2913 433 2953; x_wconf 88' lang='lat' dir='ltr'><strong>nam</strong></span> <span class='ocrx_word' id='word_1_207' title='bbox 467 2893 548 2956; x_wconf 85' lang='lat' dir='ltr'><strong>selvo</strong></span> <span class='ocrx_word' id='word_1_208' title='bbox 576 2897 686 2956; x_wconf 87' lang='lat' dir='ltr'><strong>iudicio</strong></span> <span class='ocrx_word' id='word_1_209' title='bbox 716 2897 795 2975; x_wconf 92' lang='lat' dir='ltr'><strong>quod</strong></span> <span class='ocrx_word' id='word_1_210' title='bbox 826 2894 863 2953; x_wconf 90' lang='lat' dir='ltr'><strong>de</strong></span> <span class='ocrx_word' id='word_1_211' title='bbox 894 2894 951 2952; x_wconf 91' lang='lat' dir='ltr'><strong>hoc</strong></span> <span class='ocrx_word' id='word_1_212' title='bbox 979 2892 1049 2951; x_wconf 88' lang='lat' dir='ltr'><strong>tulit</strong></span> <span class='ocrx_word' id='word_1_213' title='bbox 1077 2893 1115 2953; x_wconf 89' lang='grc' dir='ltr'><strong>Κ.</strong></span> <span class='ocrx_word' id='word_1_214' title='bbox 1143 2890 1289 2950; x_wconf 86' lang='lat' dir='ltr'><strong>Lehreiue</strong></span> 
     </span>
     <span class='ocr_line' id='line_1_25' title="bbox 112 2992 1291 3079; baseline -0.004 -25"><span class='ocrx_word' id='word_1_215' title='bbox 112 2995 215 3063; x_wconf 78' lang='lat' dir='ltr'><strong>(Arist.</strong></span> <span class='ocrx_word' id='word_1_216' title='bbox 246 3016 275 3071; x_wconf 91' lang='lat' dir='ltr'><strong>p.</strong></span> <span class='ocrx_word' id='word_1_217' title='bbox 310 3002 381 3056; x_wconf 87' lang='grc'>216.</span> <span class='ocrx_word' id='word_1_218' title='bbox 415 3018 464 3077; x_wconf 93' lang='lat' dir='ltr'><strong>qu.</strong></span> <span class='ocrx_word' id='word_1_219' title='bbox 497 3017 562 3074; x_wconf 91' lang='lat' dir='ltr'><strong>epp.</strong></span> <span class='ocrx_word' id='word_1_220' title='bbox 601 3004 637 3056; x_wconf 86' lang='grc'><strong>19</strong></span> <span class='ocrx_word' id='word_1_221' title='bbox 669 2996 746 3079; x_wconf 85' lang='lat' dir='ltr'><strong>sqq.)</strong></span> <span class='ocrx_word' id='word_1_222' title='bbox 777 2997 948 3068; x_wconf 84' lang='lat' dir='ltr'><strong>verissimo,</strong></span> <span class='ocrx_word' id='word_1_223' title='bbox 983 3000 1113 3054; x_wconf 75' lang='lat' dir='ltr'><strong>citamur</strong></span> <span class='ocrx_word' id='word_1_224' title='bbox 1144 2992 1291 3053; x_wconf 88' lang='lat' dir='ltr'><strong>seriorum</strong></span> 
     </span>
     <span class='ocr_line' id='line_1_26' title="bbox 111 3095 1290 3179; baseline -0.004 -22"><span class='ocrx_word' id='word_1_225' title='bbox 111 3098 288 3174; x_wconf 91' lang='lat' dir='ltr'><strong>scriptorum</strong></span> <span class='ocrx_word' id='word_1_226' title='bbox 310 3098 435 3176; x_wconf 85' lang='lat' dir='ltr'><strong>epitheti</strong></span> <span class='ocrx_word' id='word_1_227' title='bbox 457 3100 538 3160; x_wconf 85' lang='lat' dir='ltr'><strong>illius</strong></span> <span class='ocrx_word' id='word_1_228' title='bbox 559 3101 784 3176; x_wconf 88' lang='lat' dir='ltr'><strong>interpretatio,</strong></span> <span class='ocrx_word' id='word_1_229' title='bbox 813 3099 950 3179; x_wconf 87' lang='lat' dir='ltr'><strong>quamvis</strong></span> <span class='ocrx_word' id='word_1_230' title='bbox 981 3116 1035 3174; x_wconf 90' lang='lat' dir='ltr'><strong>per</strong></span> <span class='ocrx_word' id='word_1_231' title='bbox 1064 3117 1095 3156; x_wconf 88' lang='lat' dir='ltr'><strong>se</strong></span> <span class='ocrx_word' id='word_1_232' title='bbox 1126 3095 1166 3156; x_wconf 85' lang='lat' dir='ltr'><strong>sit</strong></span> <span class='ocrx_word' id='word_1_233' title='bbox 1186 3113 1290 3172; x_wconf 80' lang='lat' dir='ltr'><strong>prava,</strong></span> 
     </span>
     <span class='ocr_line' id='line_1_27' title="bbox 111 3201 500 3281; baseline 0.015 -23"><span class='ocrx_word' id='word_1_234' title='bbox 111 3201 223 3281; x_wconf 87' lang='lat' dir='ltr'><strong>aliquid</strong></span> <span class='ocrx_word' id='word_1_235' title='bbox 245 3204 371 3279; x_wconf 90' lang='lat' dir='ltr'><strong>probare</strong></span> <span class='ocrx_word' id='word_1_236' title='bbox 392 3209 500 3279; x_wconf 90' lang='lat' dir='ltr'><strong>potest.</strong></span> 
     </span>
    </p>

    <p class='ocr_par' dir='ltr' id='par_1_6' title="bbox 112 3299 1291 3484">
     <span class='ocr_line' id='line_1_28' title="bbox 196 3299 1291 3386; baseline -0.005 -23"><span class='ocrx_word' id='word_1_237' title='bbox 196 3304 229 3379; x_wconf 88' lang='lat'><strong>4)</strong></span> <span class='ocrx_word' id='word_1_238' title='bbox 251 3305 302 3384; x_wconf 92' lang='lat' dir='ltr'><strong>qui</strong></span> <span class='ocrx_word' id='word_1_239' title='bbox 326 3326 354 3366; x_wconf 85' lang='grc'><strong>1.</strong></span> <span class='ocrx_word' id='word_1_240' title='bbox 377 3307 404 3365; x_wconf 87' lang='lat' dir='ltr'><strong>d.</strong></span> <span class='ocrx_word' id='word_1_241' title='bbox 427 3326 500 3386; x_wconf 89' lang='lat' dir='ltr'><strong>quas</strong></span> <span class='ocrx_word' id='word_1_242' title='bbox 522 3306 630 3382; x_wconf 83' lang='lat' dir='ltr'><strong>allegat</strong></span> <span class='ocrx_word' id='word_1_243' title='bbox 648 3307 743 3383; x_wconf 88' lang='lat' dir='ltr'><strong>ipsius</strong></span> <span class='ocrx_word' id='word_1_244' title='bbox 764 3308 890 3385; x_wconf 89' lang='lat' dir='ltr'><strong>quaestt.</strong></span> <span class='ocrx_word' id='word_1_245' title='bbox 913 3304 1043 3364; x_wconf 86' lang='lat' dir='ltr'><strong>Demost.</strong></span> <span class='ocrx_word' id='word_1_246' title='bbox 1067 3303 1125 3375; x_wconf 87' lang='lat' dir='ltr'><strong>IV,</strong></span> <span class='ocrx_word' id='word_1_247' title='bbox 1150 3305 1198 3372; x_wconf 87' lang='grc'><strong>32,</strong></span> <span class='ocrx_word' id='word_1_248' title='bbox 1231 3299 1291 3358; x_wconf 86' lang='lat' dir='ltr'><strong>hee</strong></span> 
     </span>
     <span class='ocr_line' id='line_1_29' title="bbox 112 3406 523 3484; baseline 0.002 -18"><span class='ocrx_word' id='word_1_249' title='bbox 112 3406 186 3466; x_wconf 90' lang='lat' dir='ltr'><strong>mihi</strong></span> <span class='ocrx_word' id='word_1_250' title='bbox 207 3426 268 3467; x_wconf 93' lang='lat' dir='ltr'><strong>non</strong></span> <span class='ocrx_word' id='word_1_251' title='bbox 291 3413 408 3484; x_wconf 89' lang='lat' dir='ltr'><strong>praesto</strong></span> <span class='ocrx_word' id='word_1_252' title='bbox 431 3410 523 3470; x_wconf 86' lang='lat' dir='ltr'><strong>fuere.</strong></span> 
     </span>
    </p>

    <p class='ocr_par' dir='ltr' id='par_1_7' title="bbox 113 3504 1294 4422">
     <span class='ocr_line' id='line_1_30' title="bbox 200 3504 1291 3589; baseline -0.002 -22"><span class='ocrx_word' id='word_1_253' title='bbox 200 3509 230 3586; x_wconf 80' lang='lat'><strong>5)</strong></span> <span class='ocrx_word' id='word_1_254' title='bbox 260 3510 298 3568; x_wconf 88' lang='lat' dir='ltr'><strong>ad</strong></span> <span class='ocrx_word' id='word_1_255' title='bbox 324 3511 457 3571; x_wconf 87' lang='lat' dir='ltr'><strong>diversos</strong></span> <span class='ocrx_word' id='word_1_256' title='bbox 487 3513 674 3589; x_wconf 88' lang='lat' dir='ltr'><strong>accipiendos</strong></span> <span class='ocrx_word' id='word_1_257' title='bbox 710 3516 844 3573; x_wconf 84' lang='lat' dir='ltr'><strong>auctores</strong></span> <span class='ocrx_word' id='word_1_258' title='bbox 876 3513 965 3571; x_wconf 86' lang='lat' dir='ltr'><strong>etiam</strong></span> <span class='ocrx_word' id='word_1_259' title='bbox 995 3507 1126 3567; x_wconf 85' lang='lat' dir='ltr'><strong>Zellerus</strong></span> <span class='ocrx_word' id='word_1_260' title='bbox 1154 3504 1291 3578; x_wconf 86' lang='lat' dir='ltr'><strong>inclinat,</strong></span> 
     </span>
     <span class='ocr_line' id='line_1_31' title="bbox 113 3609 1292 3690; baseline -0.005 -18"><span class='ocrx_word' id='word_1_261' title='bbox 113 3613 170 3672; x_wconf 89' lang='lat' dir='ltr'><strong>Die</strong></span> <span class='ocrx_word' id='word_1_262' title='bbox 195 3613 389 3689; x_wconf 89' lang='lat' dir='ltr'><strong>Philosophie</strong></span> <span class='ocrx_word' id='word_1_263' title='bbox 416 3615 468 3674; x_wconf 87' lang='lat' dir='ltr'><strong>der</strong></span> <span class='ocrx_word' id='word_1_264' title='bbox 498 3615 644 3676; x_wconf 85' lang='lat' dir='ltr'><strong>Grieohen</strong></span> <span class='ocrx_word' id='word_1_265' title='bbox 674 3615 717 3688; x_wconf 84' lang='grc' dir='ltr'><strong>Π,</strong></span> <span class='ocrx_word' id='word_1_266' title='bbox 741 3615 801 3687; x_wconf 78' lang='lat'><strong>2³,</strong></span> <span class='ocrx_word' id='word_1_267' title='bbox 829 3635 858 3690; x_wconf 93' lang='lat' dir='ltr'><strong>p.</strong></span> <span class='ocrx_word' id='word_1_268' title='bbox 890 3617 961 3672; x_wconf 80' lang='lat'><strong>931.</strong></span> <span class='ocrx_word' id='word_1_269' title='bbox 992 3616 1063 3670; x_wconf 83' lang='grc'>932.</span> <span class='ocrx_word' id='word_1_270' title='bbox 1096 3611 1148 3670; x_wconf 86' lang='lat' dir='ltr'><strong>sed</strong></span> <span class='ocrx_word' id='word_1_271' title='bbox 1174 3609 1200 3667; x_wconf 89' lang='grc'><strong>11</strong></span> <span class='ocrx_word' id='word_1_272' title='bbox 1230 3628 1292 3686; x_wconf 89' lang='lat' dir='ltr'><strong>que</strong></span> 
     </span>
     <span class='ocr_line' id='line_1_32' title="bbox 113 3692 1293 3794; baseline -0.003 -20"><span class='ocrx_word' id='word_1_273' title='bbox 113 3720 249 3791; x_wconf 88' lang='lat' dir='ltr'><strong>spectans</strong></span> <span class='ocrx_word' id='word_1_274' title='bbox 279 3716 353 3774; x_wconf 84' lang='lat' dir='ltr'><strong>haec</strong></span> <span class='ocrx_word' id='word_1_275' title='bbox 381 3692 506 3776; x_wconf 67' lang='grc'>(11111111</span> <span class='ocrx_word' id='word_1_276' title='bbox 538 3717 624 3794; x_wconf 87' lang='lat' dir='ltr'><strong>‚,[ein</strong></span> <span class='ocrx_word' id='word_1_277' title='bbox 646 3717 740 3776; x_wconf 85' lang='lat' dir='ltr'><strong>Werk</strong></span> <span class='ocrx_word' id='word_1_278' title='bbox 770 3715 865 3778; x_wconf 84' lang='lat' dir='ltr'><strong>worin</strong></span> <span class='ocrx_word' id='word_1_279' title='bbox 888 3717 935 3776; x_wconf 93' lang='lat' dir='ltr'><strong>die</strong></span> <span class='ocrx_word' id='word_1_280' title='bbox 957 3716 1070 3775; x_wconf 89' lang='lat' dir='ltr'><strong>Demen</strong></span> <span class='ocrx_word' id='word_1_281' title='bbox 1093 3709 1293 3772; x_wconf 85' lang='lat' dir='ltr'><strong>Alexandriae</strong></span> 
     </span>
     <span class='ocr_line' id='line_1_33' title="bbox 114 3812 1294 3896; baseline -0.003 -20"><span class='ocrx_word' id='word_1_282' title='bbox 114 3817 283 3894; x_wconf 78' lang='lat' dir='ltr'><strong>aufgeziihlt</strong></span> <span class='ocrx_word' id='word_1_283' title='bbox 305 3838 405 3880; x_wconf 87' lang='lat' dir='ltr'><strong>waren</strong></span> <span class='ocrx_word' id='word_1_284' title='bbox 426 3856 467 3863; x_wconf 87' lang='grc'><strong>-</strong></span> <span class='ocrx_word' id='word_1_285' title='bbox 491 3820 552 3880; x_wconf 92' lang='lat' dir='ltr'><strong>und</strong></span> <span class='ocrx_word' id='word_1_286' title='bbox 573 3821 640 3879; x_wconf 88' lang='lat' dir='ltr'><strong>eine</strong></span> <span class='ocrx_word' id='word_1_287' title='bbox 662 3820 923 3896; x_wconf 84' lang='lat' dir='ltr'><strong>Sagenecmmlnng</strong></span> <span class='ocrx_word' id='word_1_288' title='bbox 945 3851 988 3864; x_wconf 91' lang='lat'><em>-</em></span> <span class='ocrx_word' id='word_1_289' title='bbox 1017 3819 1117 3876; x_wconf 89' lang='lat' dir='ltr'><strong>haben</strong></span> <span class='ocrx_word' id='word_1_290' title='bbox 1138 3812 1294 3876; x_wconf 86' lang='lat' dir='ltr'><strong>vielleicht</strong></span> 
     </span>
     <span class='ocr_line' id='line_1_34' title="bbox 114 3916 1291 4003; baseline -0.003 -25"><span class='ocrx_word' id='word_1_291' title='bbox 114 3921 201 3979; x_wconf 90' lang='lat' dir='ltr'><strong>einen</strong></span> <span class='ocrx_word' id='word_1_292' title='bbox 214 3922 343 3996; x_wconf 85' lang='lat' dir='ltr'><strong>jiingern</strong></span> <span class='ocrx_word' id='word_1_293' title='bbox 359 3923 543 4003; x_wconf 81' lang='lat' dir='ltr'><strong>Gelehrten,]</strong></span> <span class='ocrx_word' id='word_1_294' title='bbox 565 3945 625 3985; x_wconf 88' lang='lat' dir='ltr'><strong>von</strong></span> <span class='ocrx_word' id='word_1_295' title='bbox 648 3926 712 3983; x_wconf 90' lang='lat' dir='ltr'><strong>dem</strong></span> <span class='ocrx_word' id='word_1_296' title='bbox 735 3923 791 3983; x_wconf 86' lang='lat' dir='ltr'><strong>wir</strong></span> <span class='ocrx_word' id='word_1_297' title='bbox 811 3922 844 3980; x_wconf 92' lang='lat' dir='ltr'><strong>in</strong></span> <span class='ocrx_word' id='word_1_298' title='bbox 861 3921 970 3980; x_wconf 83' lang='lat' dir='ltr'><strong>diesem</strong></span> <span class='ocrx_word' id='word_1_299' title='bbox 986 3919 1051 3978; x_wconf 84' lang='lat' dir='ltr'><strong>Fall</strong></span> <span class='ocrx_word' id='word_1_300' title='bbox 1073 3918 1157 3978; x_wconf 89' lang='lat' dir='ltr'><strong>nieht</strong></span> <span class='ocrx_word' id='word_1_301' title='bbox 1170 3916 1291 3990; x_wconf 85' lang='lat' dir='ltr'><strong>wissen,</strong></span> 
     </span>
     <span class='ocr_line' id='line_1_35' title="bbox 114 4020 1293 4103; baseline -0.006 -17"><span class='ocrx_word' id='word_1_302' title='bbox 114 4030 151 4086; x_wconf 95' lang='lat' dir='ltr'><strong>ob</strong></span> <span class='ocrx_word' id='word_1_303' title='bbox 175 4047 206 4086; x_wconf 92' lang='lat' dir='ltr'><strong>er</strong></span> <span class='ocrx_word' id='word_1_304' title='bbox 227 4027 393 4101; x_wconf 85' lang='lat' dir='ltr'><strong>gleichfalle</strong></span> <span class='ocrx_word' id='word_1_305' title='bbox 416 4027 635 4103; x_wconf 84' lang='lat' dir='ltr'><strong>Peripatetiker</strong></span> <span class='ocrx_word' id='word_1_306' title='bbox 656 4046 717 4087; x_wconf 87' lang='lat' dir='ltr'><strong>war</strong></span> <span class='ocrx_word' id='word_1_307' title='bbox 748 4025 838 4102; x_wconf 87' lang='lat' dir='ltr'><strong>(deun</strong></span> <span class='ocrx_word' id='word_1_308' title='bbox 867 4025 917 4082; x_wconf 91' lang='lat' dir='ltr'><strong>bei</strong></span> <span class='ocrx_word' id='word_1_309' title='bbox 950 4024 1059 4081; x_wconf 90' lang='lat' dir='ltr'><strong>Athen.</strong></span> <span class='ocrx_word' id='word_1_310' title='bbox 1092 4020 1173 4079; x_wconf 86' lang='lat' dir='ltr'>XIII</span> <span class='ocrx_word' id='word_1_311' title='bbox 1204 4023 1293 4079; x_wconf 76' lang='grc'>5561</span> 
     </span>
     <span class='ocr_line' id='line_1_36' title="bbox 115 4122 1293 4209; baseline -0.009 -18"><span class='ocrx_word' id='word_1_312' title='bbox 115 4135 198 4191; x_wconf 85' lang='lat' dir='ltr'><strong>kann</strong></span> <span class='ocrx_word' id='word_1_313' title='bbox 219 4150 276 4190; x_wconf 92' lang='lat' dir='ltr'><strong>nur</strong></span> <span class='ocrx_word' id='word_1_314' title='bbox 297 4150 388 4191; x_wconf 85' lang='lat' dir='ltr'><strong>unser</strong></span> <span class='ocrx_word' id='word_1_315' title='bbox 410 4132 533 4209; x_wconf 84' lang='lat' dir='ltr'><strong>Satyrus</strong></span> <span class='ocrx_word' id='word_1_316' title='bbox 555 4129 686 4203; x_wconf 84' lang='lat' dir='ltr'><strong>gemeint</strong></span> <span class='ocrx_word' id='word_1_317' title='bbox 706 4128 785 4201; x_wconf 88' lang='lat' dir='ltr'><strong>sein,</strong></span> <span class='ocrx_word' id='word_1_318' title='bbox 808 4126 937 4189; x_wconf 86' lang='lat' dir='ltr'><strong>welcher</strong></span> <span class='ocrx_word' id='word_1_319' title='bbox 960 4126 1035 4186; x_wconf 88' lang='lat' dir='ltr'><strong>auch</strong></span> <span class='ocrx_word' id='word_1_320' title='bbox 1057 4129 1140 4184; x_wconf 83' lang='lat' dir='ltr'><strong>sonet</strong></span> <span class='ocrx_word' id='word_1_321' title='bbox 1162 4122 1217 4182; x_wconf 91' lang='lat' dir='ltr'><strong>mit</strong></span> <span class='ocrx_word' id='word_1_322' title='bbox 1239 4123 1293 4181; x_wconf 91' lang='lat' dir='ltr'><strong>der</strong></span> 
     </span>
     <span class='ocr_line' id='line_1_37' title="bbox 115 4225 1292 4312; baseline -0.007 -20"><span class='ocrx_word' id='word_1_323' title='bbox 115 4236 249 4312; x_wconf 87' lang='lat' dir='ltr'><strong>gleichen</strong></span> <span class='ocrx_word' id='word_1_324' title='bbox 265 4234 475 4309; x_wconf 83' lang='lat' dir='ltr'><strong>Bezeichnung</strong></span> <span class='ocrx_word' id='word_1_325' title='bbox 497 4233 656 4308; x_wconf 83' lang='lat' dir='ltr'><strong>angefiihrt</strong></span> <span class='ocrx_word' id='word_1_326' title='bbox 677 4230 772 4308; x_wconf 74' lang='lat' dir='ltr'><strong>wird),</strong></span> <span class='ocrx_word' id='word_1_327' title='bbox 795 4225 876 4309; x_wconf 85' lang='lat' dir='ltr'><strong>[num</strong></span> <span class='ocrx_word' id='word_1_328' title='bbox 893 4228 1056 4304; x_wconf 84' lang='lat' dir='ltr'><strong>Verfasser]</strong></span> <span class='ocrx_word' id='word_1_329' title='bbox 1079 4229 1163 4298; x_wconf 87' lang='lat'><strong>-“‚</strong></span> <span class='ocrx_word' id='word_1_330' title='bbox 1186 4243 1292 4301; x_wconf 85' lang='lat' dir='ltr'><strong>parum</strong></span> 
     </span>
     <span class='ocr_line' id='line_1_38' title="bbox 114 4341 268 4422; baseline -0.019 -22"><span class='ocrx_word' id='word_1_331' title='bbox 114 4341 268 4422; x_wconf 82' lang='lat' dir='ltr'><strong>adsequor.</strong></span> 
     </span>
    </p>
   </div>
   <div class='ocr_carea' id='block_1_4' title="bbox 0 0 1450 4928">
    <p class='ocr_par' dir='ltr' id='par_1_8' title="bbox 0 0 1450 4928">
     <span class='ocr_line' id='line_1_39' title="bbox 0 0 1450 4928; baseline 0 0"><span class='ocrx_word' id='word_1_332' title='bbox 0 0 1450 4928; x_wconf 95' lang='lat' dir='ltr'><strong> </strong></span> 
     </span>
    </p>
   </div>
  </div>
 </body>
</html>
