2866 4928
610 194 822 263 -5g-

123 366 258 450 denique
281 367 447 449 analogiae
469 368 559 449 signa
581 366 641 433 hac
671 386 709 433 ex
731 374 823 450 parte
852 384 983 450 prorsus
1005 365 1139 431 destitui
1161 384 1184 430 a
1205 364 1312 433 Chae·

121 477 207 544 ride:
242 481 406 562 Xoiptgl)
435 474 473 543 δέ
502 497 600 565 φησιν
630 469 687 541 οὐκ
713 469 797 543 εἶναι
827 476 861 543 ἓν
889 471 1099 560 δισυλλάβοις
1120 467 1310 560 ἀναλογίαν.

122 589 163 654 ad
203 607 283 671 quae
319 588 515 669 Lobeolrius,
553 588 659 655 Paral.
691 608 791 672 gram.
824 609 871 673 gr.
904 607 934 669 p.
971 589 1047 654 121:
1079 605 1137 668 „ac
1169 585 1311 652 fortasse

123 699 186 764 iam
217 699 249 764 in
279 707 387 766 vetere
416 700 472 766 illa
504 700 790 767 Grammaticorum
813 699 1044 777 controversia,
1076 717 1158 780 quae
1180 695 1245 762 luit
1269 698 1310 762 de

121 805 268 892 analogia
290 817 323 877 et
344 811 504 879 anomalia
518 812 680 892 sermonis,
703 810 781 878 haec
803 811 928 892 agitata
949 814 998 876 est
1019 811 1059 876 de
1081 807 1312 891 monosyllabis

121 923 273 1003 quaestio.
318 922 495 1004 Tryphonis
518 923 644 1006 quidem
666 928 861 990 memoratur
875 921 956 987 liber
978 918 1133 1007 περὶτῆς
1155 915 1190 984 ἑν
1203 939 1310 1002 μονα·

122 1028 296 1116 συλλάβοις
328 1024 502 1118 ἀναλογίας
533 1071 575 1080 -
606 1051 701 1116 quam
732 1033 805 1098 huic
827 1030 935 1116 generi
956 1031 1083 1097 videtur
1105 1030 1311 1098 abiudicasse

124 1142 278 1224 Chaeris3.
296 1162 368 1208 nam
391 1143 423 1208 in
446 1143 543 1210 schol.
566 1151 602 1211 N
621 1145 691 1221 103,
714 1145 768 1212 ubi
791 1149 940 1210 accentus
957 1144 1172 1224 genetivorum
1194 1135 1310 1223 θώων,

121 1249 325 1320 notiorem.
348 1255 555 1337 disceptatur,
578 1262 737 1337 postrema
759 1255 856 1321 verba
878 1272 993 1320 -res
1015 1254 1087 1336 ipsa
1107 1253 1310 1317 demonstrat

121 1365 167 1430 sic
196 1365 363 1432 scribenda
392 1385 462 1433 esse
483 1362 517 1431 ἐν
538 1369 609 1445 τοῖς
629 1359 902 1451 perennitatem,
934 1370 1099 1431 κατοικία
1129 1361 1309 1446 significari

123 1475 346 1542 inclinamenta
374 1477 691 1561 monosyllaborum“.
736 1481 770 1542 at
802 1476 909 1557 potnit
937 1475 978 1540 de
999 1472 1155 1558 genetiuis
1178 1479 1307 1538 tantum

120 1585 215 1651 huius
236 1587 370 1667 generis,
394 1589 433 1652 de
456 1605 519 1670 quo
542 1593 631 1653 totus
652 1587 739 1652 locus
755 1592 814 1667 est,
838 1585 969 1652 Chaeris
982 1585 1080 1666 loqui.
1110 1585 1219 1666 itaque
1233 1585 1308 1650 iure

120 1695 257 1762 fortasse
272 1696 421 1761 Lersohio
445 1696 661 1781 (Sprachphil.
678 1697 708 1762 11
730 1717 760 1779 p.
778 1696 854 1779 105)
877 1697 1001 1780 longius
1024 1714 1212 1778 progressus
1234 1716 1308 1764 esse

124 1807 301 1874 Lobeckius
322 1807 459 1873 videtur.
504 1809 560 1873 sed
582 1807 661 1874 haec
683 1814 720 1872 ut
741 1808 916 1887 mittamus,
937 1806 1000 1873 isto
1015 1807 1158 1890 exemplo
1173 1807 1309 1890 pulchre

121 1920 353 2001 cognoscimm,
389 1939 460 1986 cum
498 1919 566 2001 ipse
603 1918 809 1986 Aristarchus
844 1922 973 2001 praeter
1005 1936 1095 1983 suam
1125 1919 1307 2002 analogiam

122 2031 222 2112 (quod
253 2030 381 2095 minime
403 2029 551 2095 nimirum
584 2036 690 2097 certae
724 2030 847 2113 sibique
876 2029 1050 2096 constantis
1078 2029 1243 2096 doetrinae
1274 2031 1305 2096 ei

121 2140 201 2205 satis
230 2140 295 2207 alte
316 2147 501 2223 perceptum
531 2146 601 2206 erat
631 2142 836 2224 principium)
870 2143 941 2206 vino
970 2141 1122 2206 sermonis
1153 2141 1226 2206 usui
1256 2141 1307 2205 la-

120 2255 189 2314 tum
218 2251 388 2316 admodum
411 2270 559 2333 campum
580 2252 780 2333 rehquisset:
811 2253 879 2318 eius
909 2251 1081 2333 discipulos
1103 2269 1174 2318 cum
1196 2255 1304 2319 comas

120 2360 226 2426 ubivis
247 2361 376 2443 regulas
397 2367 539 2429 statuere
561 2369 770 2444 conarentur,
798 2364 878 2429 alios
907 2363 939 2428 in
970 2362 1050 2428 alios
1080 2381 1202 2428 errores
1223 2363 1306 2428 inci·

16 2560 21 2569 ,
122 2471 265 2554 disse¹)‚
288 2475 453 2540 nonnullos
476 2479 600 2556 autem,
631 2473 714 2540 sicut
742 2475 773 2539 h.
795 2474 815 2539 l.
839 2473 1026 2540 Chaeridem
1057 2473 1209 2539 sermonis
1238 2473 1304 2540 ior-

121 2601 244 2647 marum
267 2584 489 2667 multiplicium
512 2585 604 2667 copia
636 2588 797 2669 tamquam
827 2584 974 2664 territos,
1005 2583 1060 2650 ubi
1089 2584 1208 2650 nullam
1238 2584 1306 2651 iam

120 2712 292 2776 agnoscere
321 2695 382 2762 sibi
412 2697 597 2764 viderentur
627 2695 821 2777 analogiam,
852 2695 1041 2762 anomaliam
1070 2695 1239 2778 amplexos.
1273 2716 1305 2762 v.

121 2803 231 2869 Lehrs.
253 2805 307 2870 Ar.
331 2806 404 2872 259.
426 2807 594 2874 Steinthal.
618 2807 822 2890 Spraohwiss
844 2807 917 2874 491.
939 2808 1012 2872 492.

207 2920 241 2981 at
272 2915 468 2983 laudandum
492 2924 600 2985 noster
620 2918 652 2984 in
681 2918 859 2984 homericae
881 2918 1008 2985 dicendi
1029 2917 1163 2984 rationis
1184 2916 1305 3000 peritia

122 3222 155 3288 τὸ
188 3224 219 3288 δὲ
249 3223 341 3288 θυίων
371 3225 667 3309 trasumenum,
697 3221 740 3287 ἵν’
774 3219 905 3311 ὁμοτονῇ
927 3227 969 3308 τῷ
990 3228 1098 3306 θηρῶν
1119 3223 1167 3286 καλ
1190 3229 1304 3301 κακῶν,

124 3325 218 3403 οὕτως
248 3327 280 3391 δὲ
309 3327 359 3390 καί
386 3322 569 3410 Ἀρίσταρχος
607 3327 796 3409 προφέρεται,
830 3331 959 3405 Διοκλῆς
996 3325 1048 3388 καὶ
1080 3319 1098 3387 ὅ
1128 3327 1208 3412 Θρᾷξ
1232 3333 1303 3390 Aro-

124 3427 225 3504 νότιος
248 3425 289 3504 τίς
311 3425 490 3512 βαρίνοντες
520 3427 574 3511 τήν
596 3430 680 3505 λέξιν.
711 3442 800 3513 atquc
823 3433 1003 3508 Goettling.,
1033 3437 1155 3492 Acuent.
1178 3453 1207 3510 p.
1233 3439 1307 3512 246,

123 3530 219 3606 οὕτως
247 3537 327 3596 istud
357 3536 401 3595 ad·
423 3535 532 3596 lemma
562 3529 655 3596 θώων
684 3555 791 3613 parum
817 3536 1015 3614 probabiliter
1045 3535 1150 3595 statuit
1171 3537 1305 3596 referen-

122 3641 204 3714 dum,
236 3641 272 3698 de
295 3638 403 3699 ceteris
427 3657 555 3700 securus.
601 3659 718 3699 sensum
744 3639 794 3718 qui
817 3639 972 3713 flagitatur
993 3637 1127 3698 restituit
1150 3638 1306 3714 Lehrsius,

121 3745 175 3803 Ar.
200 3748 276 3802 261:
298 3776 339 3786 -
365 3742 474 3800 κυνῶν.
497 3733 517 3819 ἡ
540 3737 572 3801 δὲ
594 3735 760 3821 παράδοσις
782 3733 962 3819 βαρυτίνως.
986 3733 1083 3810 οὕτως
1104 3734 1136 3799 δέ
1157 3736 1208 3798 καί
1229 3733 1306 3820 Ἀρί-

123 3861 244 3924 σταρχος
271 3841 460 3925 προφέρεται.
507 3846 636 3922 Διοκλῆς
666 3838 697 3902 δὲ
727 3839 775 3903 καί
809 3835 827 3903 o‘
851 3842 931 3926 Θρᾷξ
955 3846 989 3902 Δ.
1033 3835 1307 3923 καταγινώσκουσιν

124 3941 217 4007 αὐτοῦ
248 3938 289 4018 aig
318 3940 501 4027 βαρύνοντος
537 3940 591 4022 τήν
621 3942 706 4018 λέξιν.
739 3980 781 3990 -
811 3949 847 4006 ct
879 3948 1007 4008 Cramer.
1041 3950 1098 4007 An.
1130 3945 1224 4005 Paris.
1254 3947 1309 4006 111

126 4056 197 4124 285,
224 4056 271 4110 14.
315 4071 343 4111 v.
368 4052 411 4109 La
432 4051 526 4111 Roch.
551 4052 588 4110 H.
612 4050 643 4110 Τ.
670 4055 740 4109 402.

213 4154 243 4231 1)
267 4160 439 4231 corruptum
461 4153 493 4211 in
520 4147 624 4229 Χάρης
646 4172 692 4230 ap.
716 4153 845 4212 Cramer.
867 4156 925 4212 An.
947 4153 967 4212 l.
983 4153 1002 4211 l.

212 4255 243 4333 2)
265 4255 417 4315 luculento
455 4257 590 4332 exemplo
620 4256 656 4314 de
685 4255 832 4334 Dionysio
861 4256 976 4315 Thrace
1006 4260 1066 4329 est,
1105 4253 1184 4333 quod
1214 4256 1310 4316 refert

128 4359 289 4421 Herodian.
313 4359 350 4423 ad
374 4359 398 4421 Β
419 4364 490 4422 262.
548 4346 554 4371 ⁸
