2866 4928
487 105 812 194 '-na-

121 299 205 379 quod
228 298 291 363 iam
313 297 488 377 attulimus,
512 300 570 364 Av.
595 300 658 367 765
673 300 808 381 Didymo
832 299 941 365 deberi
963 300 1010 366 ait
1028 301 1206 383 Euphronii
1228 321 1302 369 sen·

121 408 242 475 tentiae
272 411 426 503 adversus
455 410 684 477 Callimachum
714 409 945 492 patrocinanti:
978 413 1062 494 quod
1096 415 1232 478 evadere
1262 433 1303 480 ex

121 519 257 603 Hesych.
280 540 304 586 s
326 541 355 587 v.
377 515 538 598 πόπποςε
563 559 603 568 -
625 515 772 606 σημαίνει
803 517 839 584 δὲ
860 517 917 585 καί
940 513 1050 608 ὀρνέου
1072 513 1168 599 εἶδος.
1212 523 1302 590 simi-

120 630 195 697 liter
217 637 325 698 censet
346 633 551 700 iudicandum
567 632 607 698 de
629 633 650 698 l.
665 631 802 716 Hesych.
825 651 851 698 s.
867 654 897 700 v.
921 628 1050 711 σπολός
1071 635 1109 701 el.
1127 634 1225 701 schol.
1241 638 1301 702 Av.

122 742 201 823 9333
225 744 365 827 itemque
380 765 438 828 per
454 745 628 827 Didymum
643 743 819 827 Euphronii
835 745 1008 810 sententias
1022 751 1217 828 propagatas
1232 765 1304 813 esse

122 872 203 935 quae
232 862 356 922 exstent
385 856 472 938 apud
503 855 595 921 Phot.
619 855 690 934 165,
715 856 752 920 11
777 874 800 920 s.
823 876 852 922 v.
876 851 1025 920 Killaion
1055 857 1128 937 383,
1158 856 1197 921 21
1223 875 1247 922 ε.
1271 878 1303 924 v.

122 960 392 1052 παραιξόρουσον.
424 967 476 1032 Et.
492 966 535 1031 M.
551 983 575 1030 ε.
591 984 621 1033 u.
637 961 805 1052 ε’νεργμός;
828 983 960 1032 necnon
976 966 1105 1050 Didymi
1128 985 1197 1034 esse
1219 986 1304 1051 quae

122 1075 272 1160 leguntur
301 1078 397 1144 schol.
428 1080 486 1142 Au.
518 1078 579 1144 798
609 1069 852 1165 Εὐφρόνιος-
876 1072 1021 1142 ἐπλεκεν.
1065 1069 1235 1165 ἀμάρτυρα
1266 1075 1304 1144 δὲ

123 1178 304 1275 ἀμφότερα.
349 1189 464 1255 summi
498 1193 605 1253 autem
639 1188 687 1254 ait
718 1206 787 1254 esse
820 1189 970 1254 momenti
1002 1189 1098 1255 schol.
1121 1191 1180 1255 Av.
1205 1189 1306 1257 1379:

122 1337 185 1381 ‚,——
206 1297 262 1365 καί
284 1293 462 1388 Εὐφρόνιος
482 1298 543 1384 μὲν
563 1296 668 1380 χωλόν
689 1289 773 1364 εἶναι
795 1298 851 1366 τόν
870 1295 1033 1386 Κινησίαν
1055 1296 1152 1387 φησίν
1174 1336 1216 1347 -
1240 1295 1301 1364 δίλ-

124 1409 198 1487 λκος.
236 1407 383 1496 Δίδυμος
404 1409 464 1495 μὲν
486 1406 609 1493 κύκλον,
633 1408 706 1477 ἐπεί
728 1407 867 1476 κυκλίων
890 1403 1045 1499 ᾇσμοίτιυν
1061 1405 1198 1499 ποιητής
1221 1408 1302 1492 ἐστι,

123 1519 238 1587 κυλλὸν
261 1520 306 1603 δέ,
329 1521 406 1588 ε’πεί
425 1520 530 1602 χωλός
551 1514 598 1610 ἦν.
631 1515 754 1609 εἴρηται
780 1519 816 1587 δὲ
838 1519 917 1605 περὶ
939 1514 1036 1586 αὐτοῦ
1058 1517 1092 1586 ἒν
1108 1517 1303 1609 Βατράχοις.

124 1626 142 1696 δ
172 1630 209 1697 δὲ
232 1625 462 1720 Ἀριστοτέλης
491 1631 525 1698 ἐν
554 1629 782 1708 διδασκαλίαις
811 1627 869 1698 δόο
899 1629 979 1718 φησί
1000 1630 1169 1717 μεμονέναι.
1215 1627 1305 1718 Σόμ-

123 1765 227 1828 μαχος
249 1736 366 1821 οὕτως·
400 1737 593 1832 Εὐφρόνιος,
625 1741 740 1830 ἐπειδὴ
760 1741 877 1820 κολλδς
899 1733 936 1831 ἦν
957 1738 975 1807 ὃ
999 1739 1166 1829 Κινησίας.
1210 1745 1307 1811 τοῦτο

125 1853 161 1920 δὲ
191 1846 247 1920 οὐκ
275 1849 364 1920 ἔστιν
393 1850 506 1942 εὑρεῖν.
549 1856 639 1922 vides
670 1857 768 1936 igitur
799 1854 1022 1938 Symmachum
1053 1855 1179 1936 oblique
1209 1855 1307 1922 casti-

124 1986 201 2048 gare
215 1966 398 2050 Didymum,
422 1970 507 2049 quod
522 1967 699 2050 Euphronii
715 1965 941 2049 expositionem
959 1985 1048 2031 suam
1068 1965 1181 2032 fecerit
1195 1984 1308 2049 quam-

124 2077 173 2144 uis
195 2078 395 2158 testimoniis,
417 2077 599 2161 Symmachi
615 2078 735 2144 seilicet
757 2082 873 2156 aetate,
896 2095 959 2142 non
980 2076 1117 2158 amplius
1139 2077 1306 2144 stabilien-

127 2191 217 2270 dam3
249 2188 467 2272 Euphronium
499 2208 591 2271 vero,
623 2189 754 2254 missum
785 2187 904 2253 iaciens
934 2187 1123 2270 Didymum,
1157 2207 1214 2254 suo
1235 2189 1307 2254 iure

128 2299 336 2383 Symmachus
351 2301 548 2383 perstringit,
571 2303 683 2381 utpote
698 2298 917 2381 explicationis
939 2298 1025 2363 illius
1039 2303 1200 2365 auctorem
1216 2298 1304 2381 prin-

125 2411 288 2493 cipalem“.
312 2448 353 2457 -
376 2412 460 2477 addo
482 2411 579 2478 schel.
605 2411 662 2475 AV.
678 2409 741 2475 299
763 2402 944 2497 Εὗφρόνιός
965 2430 1044 2496 φησι
1067 2409 1141 2485 τοὺς
1162 2411 1306 2496 Δωριεῖς

126 2519 238 2606 λέγειν,
268 2516 350 2606 βόλε
373 2520 412 2610 δὴ
432 2517 512 2606 βάλε
534 2516 670 2608 κηρύλος
691 2514 776 2606 ε’ίην·
805 2518 880 2598 τούς
902 2518 938 2584 δὲ
956 2512 1129 2596 Ἀττικοδς
1150 2515 1306 2607 κείρυλον.

126 2631 209 2720 φησί
230 2631 267 2698 δὲ
289 2629 436 2717 Δίδυμος
466 2631 505 2699 τδ
526 2630 609 2698 κατὰ
640 2627 737 2720 φύσιν
759 2626 862 2716 όνομα
883 2628 1028 2718 κείρολος
1050 2628 1224 2716 λέγεσθαι,
1248 2633 1306 2699 ubi

128 2747 196 2811 sine
219 2746 315 2811 dubio
330 2745 487 2829 Didymus
502 2747 545 2811 ad
560 2746 660 2811 nostri
672 2745 921 2812 observationem
938 2742 1075 2825 respicit.
1098 2779 1140 2789 —
1162 2747 1304 2809 ceterum

128 2856 368 2938 quibuscunque
386 2856 464 2922 loeis
479 2856 698 2938 Euphronium
715 2856 858 2921 videmus
879 2856 911 2920 iu
934 2855 1068 2920 aliorum
1083 2853 1235 2920 societate
1250 2859 1307 2919 aut

127 2967 293 3034 vicinitate
315 2972 604 3050 commemoratum,
626 2967 656 3032 ei
677 2985 784 3032 omnes
798 2967 846 3031 ita
867 2966 1017 3033 videntur
1031 2963 1206 3046 comparati
1228 2983 1308 3045 esse,

129 3083 165 3143 ut
196 3079 228 3144 in
256 3078 338 3143 illud
367 3078 451 3161 quod
482 3078 553 3144 dieo
585 3078 737 3160 temporis
766 3077 921 3159 spatium,
954 3077 1038 3157 quod
1060 3082 1109 3140 est
1131 3074 1213 3141 inter
1237 3076 1308 3140 Ari-

128 3187 250 3254 starchi
280 3193 419 3255 aetatem
450 3194 481 3254 et
510 3189 657 3272 Didymi,
687 3195 800 3271 sponte
827 3207 883 3253 nos
912 3188 1081 3253 abducant.
1125 3192 1161 3251 ut
1189 3186 1307 3252 Athen.

127 3298 147 3363 l.
169 3299 190 3364 l.
214 3299 392 3366 nominatos
414 3299 568 3367 habemus
590 3299 699 3364 hosce:
722 3295 872 3364 πελίκαι·
896 3293 1146 3383 Καλλίστρατος
1166 3333 1201 3342 -
1220 3289 1307 3363 ἀπο-

129 3404 247 3475 δίδωσι
269 3405 394 3475 κύλικα.
438 3404 575 3496 Κροίτης
596 3401 627 3473 δ’
652 3445 694 3456 -
715 3406 832 3497 γράφει
856 3403 957 3486 οὕτως
978 3446 1030 3490 -—,
1053 3405 1109 3496 τὴν
1131 3403 1310 3495 δὲ”Ολπην
1337 3495 1340 3499 ⁴

128 3517 330 3608 Κλείταρχος
360 3517 560 3608 Κορινθίους
588 3517 649 3604 μέν
681 3540 761 3608 φησι
792 3558 833 3568 -
854 3514 1053 3586 ἀποδιδόναι
1082 3557 1123 3567 -
1153 3517 1310 3596 Σέλευκος

130 3629 167 3698 δὲ
189 3627 345 3712 πελίχναν
368 3630 534 3710 Βοιωτοδς
552 3628 613 3715 μὲν
634 3627 691 3720 τὴν
710 3627 835 3712 κύλικα,
857 3623 1036 3718 Εὐφρόνιος
1057 3622 1086 3694 δ)
1106 3627 1140 3694 ἐν
1161 3624 1309 3717 δπομνή-

127 3762 212 3828 μασι
246 3740 321 3820 τούς
354 3737 445 3822 χόας.
499 3744 573 3809 dein
611 3762 665 3808 sex
694 3743 883 3809 scholiorum
920 3742 998 3808 locis
1029 3742 1100 3820 (Au.
1132 3740 1204 3807 933.
1235 3743 1309 3808 997.

129 3855 221 3920 1378.
244 3856 340 3937 Vesp.
363 3855 435 3922 604.
457 3855 530 3920 675.
574 3855 659 3920 Plut.
689 3855 760 3952 383.
791 3859 824 3920 et
854 3853 946 3919 Phot.
978 3851 1050 3932 165,
1082 3852 1135 3933 11)
1164 3872 1236 3919 eum
1259 3853 1307 3919 in-

129 3967 273 4034 venimus
310 3967 400 4034 iuxta
431 3967 650 4034 Callistratum
688 3970 966 4031 commemoratum
998 3966 1095 4047 idque
1123 3964 1311 4046 plerumque

128 4083 202 4161 post
223 4078 331 4144 illum:
361 4097 379 4144 e
408 4078 525 4162 quibus
547 4079 632 4162 quod
662 4095 751 4144 secus
774 4077 937 4161 collegerit
961 4076 1004 4142 M.
1028 4074 1190 4158 Schmidt,
1213 4095 1311 4158 supra

129 4191 259 4255 dictum.
304 4189 381 4255 item
403 4195 476 4271 post
497 4189 736 4254 Artemidorum
757 4187 854 4270 Vesp.
878 4188 979 4271 1144,
1002 4189 1056 4271 qui
1079 4187 1190 4270 procul
1212 4187 1310 4254 dubio

130 4299 502 4384 Pseudoaristophaneus
525 4305 585 4368 est.
628 4319 724 4382 porro
745 4300 832 4367 idem
853 4300 938 4382 quod
954 4298 1173 4382 Euphronium
1189 4302 1310 4366 testan-
