2866 4928
628 127 840 192 *38-

232 291 292 359 hoc
315 308 391 374 ergo
413 293 636 360 affirmandum
666 297 728 360 erit
759 296 995 361 Aristodemum
1018 296 1148 362 Pindari
1170 295 1335 377 interpre-

144 408 329 486 temetque
352 405 531 470 Aristarchi
554 406 746 488 discipulum
769 406 869 473 inisse
891 407 1002 471 Eleum
1018 407 1058 488 1).
1090 411 1187 488 atque
1209 406 1334 490 insigni

147 514 201 580 ille
223 515 350 596 quidem
373 516 405 580 in
427 515 567 581 Pindaro
590 517 829 599 interpretando
852 523 998 583 versatus
1020 521 1071 583 est
1092 537 1198 598 opera
1236 518 1332 584 cuius

146 625 290 691 criticum
301 645 433 691 acumen
449 629 557 710 arguit
571 628 666 694 lectio
682 621 803 693 Ἄλτιν
816 649 875 710 pro
894 621 991 693 ἶΑλιν
1006 629 1132 711 prolata
1143 633 1184 711 ²),
1208 628 1258 694 01.
1274 630 1334 711 XI,

146 735 204 815 55;
229 736 277 800 01.
300 738 356 815 XI,
378 739 420 803 83
443 739 634 820 scripturam
659 737 772 823 Σᾶμος
795 734 839 824 [ὁ]
856 733 1075 825 Ἁλιρροθίου
1105 740 1249 822 sequitur
1272 758 1334 822 pro

146 847 255 928 inepta
283 840 357 931 σᾶμ’
386 848 514 929 At.³);
537 851 615 915 item
643 842 681 930 ἓξ
702 845 817 915 ὤπασε
839 870 897 932 pro
920 851 1141 933 Aristarchi⁴)
1165 845 1332 932 ε’ξώισασε,

147 959 260 1024 Isthm.
291 961 322 1039 I,
355 963 403 1025 11.
448 979 505 1027 nee
533 980 607 1026 vero
638 961 738 1043 ipsius
768 948 899 1028 criticae'
927 963 1007 1028 artis
1035 963 1227 1028 exercendae
1249 963 1334 1027 adeo

147 1071 275 1135 videtur
305 1069 403 1136 fuisse
432 1072 610 1154 studiosus,
644 1074 699 1138 sed
731 1073 791 1137 hoc
814 1074 881 1139 eius
902 1071 1101 1152 interfuisse,
1132 1077 1169 1138 ut
1201 1079 1333 1154 poetam

149 1182 233 1246 omni
256 1201 294 1247 ex
316 1187 409 1263 parte
430 1182 616 1249 illustraret.
661 1184 804 1265 singulas
834 1184 935 1266 igitur
965 1185 1141 1249 sententias
1172 1183 1333 1265 explicat:

149 1292 244 1357 schol.
268 1293 316 1357 01.
338 1293 394 1375 VI,
417 1295 500 1374 23⁵)
523 1289 757 1379 ἐνετοὶ-νεαρῶν
790 1297 889 1377 (quod
911 1295 1036 1376 generis
1058 1295 1148 1375 lytiei
1170 1298 1235 1359 est:
1268 1297 1336 1358 σῶν

152 1401 413 1488 διαβεβοημένων
443 1401 514 1470 ε’σσὶ
535 1403 591 1470 καὶ
615 1407 743 1488 τοῦτο),
774 1407 813 1472 ab
837 1406 1024 1472 Aristarcho
1046 1406 1212 1482 recedens,
1244 1411 1336 1471 recte

152 1515 316 1598 tamen⁶);
350 1517 406 1579 sed
437 1515 555 1598 frigide
578 1517 667 1582 Nem.
698 1519 776 1597 VII,
811 1519 851 1582 70
873 1514 949 1603 τρία
971 1512 1054 1583 ἔπεα
1077 1513 1241 1600 διαρκέσει
1265 1516 1336 1598 (hic

155 1643 280 1707 quoque
301 1646 321 1691 a
344 1627 496 1708 magistro
520 1629 719 1709 discedens),
748 1650 785 1696 ae
813 1630 958 1694 similiter
981 1627 1092 1693 Isthm.
1115 1628 1141 1709 I,
1165 1628 1206 1693 85
1228 1626 1335 1711 βραχύ

151 1732 270 1820 μέτρον
282 1740 322 1818 ⁷).
359 1739 400 1802 ad
424 1739 592 1804 cuiuslibet
607 1744 713 1804 autem
729 1741 853 1822 generis
868 1735 1033 1828 ζητήματα
1056 1739 1209 1803 solvenda
1223 1757 1334 1803 rerum

152 1847 242 1912 illum
265 1848 413 1914 notitiam
435 1850 583 1916 attulisse
603 1851 719 1916 docent
733 1852 829 1918 schol.
853 1852 941 1916 Nem.
957 1852 1030 1930 VH,
1055 1854 1082 1929 1,
1104 1850 1160 1915 ubi
1175 1849 1338 1931 quaestio,

158 1989 356 1997 -μ--ᾳ--ω--ι-

153 2059 169 2097 e
192 2039 411 2100 commentariis
432 2039 607 2115 Pindaricis,
631 2063 696 2102 cum
720 2042 864 2102 diuellere
887 2042 919 2099 in
942 2060 1085 2117 suspenso
1108 2039 1255 2119 relinquo.
1294 2041 1338 2099 cf.

153 2141 282 2200 Boeckh.
304 2141 373 2203 XV.

244 2244 272 2321 1)
294 2228 433 2318 Vossius,
463 2247 534 2306 hist.
570 2267 612 2322 gr.
643 2268 673 2323 p.
708 2250 764 2305 181
798 2247 970 2317 Westerm.,
1004 2244 1148 2303 Baehrius
1170 2244 1201 2302 io
1224 2244 1338 2322 Paulyi

154 2346 226 2419 ER,
249 2347 363 2406 cautius
385 2347 539 2408 Fabricius
561 2341 579 2407 i.
602 2349 632 2423 1,
654 2350 872 2409 Aristodemum
895 2350 1096 2426 Nysaeensem
1129 2346 1179 2423 (cf.
1202 2345 1294 2405 schol.
1321 2347 1343 2402 I

155 2448 230 2526 453)
259 2449 388 2524 priorem
418 2449 458 2528 (v.
488 2450 583 2511 Strab.
606 2452 681 2510 XIV
703 2473 731 2528 p.
757 2454 829 2525 650)
860 2456 1019 2527 propterea
1049 2450 1128 2528 quod
1156 2447 1341 2508 Menecratis

154 2550 319 2610 Aristarchi
343 2553 479 2628 discipuli
501 2554 560 2613 fuit
581 2554 677 2628 filius,
701 2561 732 2614 et
752 2555 848 2630 ipsum
872 2553 1094 2613 Aristarcheum
1116 2550 1223 2612 volunt
1244 2550 1340 2610 fuisso

155 2658 186 2711 et
207 2654 244 2711 ab
267 2653 357 2712 schol.
380 2654 466 2712 Pind.
489 2656 573 2716 Nem.
597 2657 672 2730 VII,
709 2661 721 2714 1
755 2656 925 2732 significari.
965 2653 1049 2714 cuius
1078 2654 1121 2712 rei
1153 2653 1267 2712 nullum
1292 2658 1341 2713 est

155 2760 370 2829 argumentum.
393 2789 435 2800 -
467 2758 667 2818 turbulentior
690 2759 777 2819 etiam
802 2757 1052 2828 Graefenhanius,
1084 2757 1131 2828 H,
1160 2761 1219 2814 42:
1249 2756 1340 2828 „Ari-

157 2858 270 2917 stodem
293 2878 353 2918 von
376 2859 440 2918 Elis
462 2861 533 2918 oder
554 2861 652 2938 Nysa,
682 2862 763 2920 Sohn
798 2863 848 2919 des
871 2861 1077 2930 Menekrates,
1109 2859 1160 2916 der
1182 2857 1340 2915 Verfasser

155 2981 215 3022 von
240 2961 344 3018 Γελοῖα
365 2951 564 3036 ὑπομνήματα
585 2964 645 3021 und
669 2963 751 3022 einer
774 2956 908 3038 Μοθιιιή
930 2952 1103 3039 συναγωγή,
1126 2958 1340 3018 kommentirte

157 3063 214 3120 den
236 3063 378 3134 Pindar“;
410 3064 447 3122 cf.
469 3083 498 3139 p.
525 3069 600 3136 143,
624 3072 704 3141 etp.
730 3065 806 3125 172:
837 3065 1026 3138 „Aristodsm
1049 3064 1101 3122 der
1122 3061 1340 3133 Aristarcheer,

156 3165 285 3226 wolcher
307 3165 489 3226 Thebaische
511 3167 695 3226 Inschriften
716 3167 880 3227 sammolt.“

244 3268 275 3347 2)
299 3269 362 3329 sive
383 3288 437 3344 per
459 3269 657 3328 coniecturam
676 3270 795 3346 scripsit
817 3269 880 3330 sive
903 3268 1025 3327 alteram
1047 3287 1063 3326 e
1087 3268 1200 3325 duabus
1221 3265 1339 3340 recepit

157 3370 335 3430 lectionibus
357 3371 406 3448 (do
428 3365 567 3451 ‘ypoioer’
588 3393 617 3433 v.
640 3373 684 3432 La
700 3373 792 3433 Rech.
816 3373 855 3430 H.
864 3371 904 3430 -Τ,
930 3370 990 3448 76).
1013 3403 1055 3414 -
1077 3370 1223 3448 Didymus
1238 3367 1339 3427 tenuit

151 3459 242 3535 Ἀλιν.

245 3578 276 3656 3)
300 3579 336 3636 cf.
358 3577 401 3635 M.
422 3577 563 3638 Schmidt.
585 3578 653 3638 Did.
676 3598 705 3653 p.
728 3583 799 3637 223.

245 3681 277 3758 4)
302 3715 336 3723 -—
363 3677 395 3740 οἱ
420 3673 632 3760 Ἀριστάρχειοι
655 3714 697 3724 -
719 3714 761 3725 -
789 3670 1000 3758 Ἀριστόδημος
1028 3671 1059 3735 δὲ
1092 3667 1109 3735 o‘
1136 3664 1342 3751 Ἀλεξανδρεύς

159 3805 218 3843 -2
239 3803 299 3862 qua
320 3785 352 3843 in
374 3785 561 3861 oppositione
582 3803 644 3843 non
666 3784 876 3844 offendendum
897 3786 978 3860 puto.
1177 3861 1180 3866 .

246 3891 276 3964 5)
298 3888 350 3948 nbi
374 3907 449 3968 quae
472 3888 611 3965 exposuit
633 3907 649 3947 e
671 3887 816 3947 Boeckhii
839 3886 988 3946 sententia
1017 3902 1093 3963 quae
1124 3881 1196 3940 mihi
1219 3879 1339 3940 videtur

159 3993 323 4054 rectissima
344 3993 470 4050 redeunt
490 3991 523 4048 in
546 3991 636 4051 sehoL
659 3991 744 4049 Nem.
767 3989 823 4063 IX,
847 3993 897 4048 53.

247 4096 279 4176 6)
301 4097 337 4155 cf.
361 4095 490 4155 Boeekh.
513 4094 600 4169 Expl.
624 4113 652 4169 p.
678 4096 747 4152 155.

246 4199 278 4279 7)
299 4198 429 4275 „passim
458 4198 491 4255 in
522 4187 651 4272 τριάδων
680 4196 796 4255 rationo
825 4198 953 4270 nugatam
987 4191 1218 4250 Aristodemus.
1246 4191 1281 4244 ut
1302 4188 1339 4244 ad

161 4305 245 4363 Nem.
269 4303 337 4375 VII,
362 4305 430 4378 70“,
452 4301 583 4362 Boeokh.
605 4300 643 4359 ad
664 4298 755 4360 schol.
