2866 4928
606 201 819 268 ..54-

123 367 186 446 δας
216 366 253 434 δὲ
283 365 321 434 ἐκ
347 367 495 456 Τηλέφου
516 365 687 451 Αἰσχύλου
709 366 774 436 κτὲ.
818 371 963 453 inprimis
993 375 1100 435 nutem
1117 369 1185 438 ‘huo
1207 369 1310 452 perti-

122 484 201 546 nent
215 480 311 547 schol.
328 481 406 548 Ran.
429 482 490 547 791
509 477 744 568 Κλειδημίδης]
762 477 1012 567 Καλλίστρατος
1034 476 1083 545 ὅτι
1099 475 1181 558 ἴσως
1197 485 1309 566 Σοφο·

123 588 236 668 κλέους
258 586 327 669 υἱὸς
351 581 454 670 οὗτος.
488 585 714 671 Ἀπολλώνιος
736 590 790 673 δέ,
813 586 863 659 ὅτι
889 590 1093 679 Σοφοκλέους
1114 586 1307 679 ὑποκριτής.

122 704 185 769 849
208 693 235 767 ὦ
255 702 424 789 Κρητικὰς
445 702 519 789 μὲν]
542 743 584 752 -
604 697 829 782 ’Λπολλιύνιος
851 701 904 785 δέ,
934 699 985 768 ὅτι
1015 699 1149 769 δύναται
1179 699 1236 767 καὶ
1258 699 1309 780 εἰς
1342 723 1345 728 ·

121 811 178 902 τὴν
195 807 361 902 Ἀερόπην
383 815 438 903 την
461 814 496 882 ἕν
517 818 591 894 ταῖς
614 811 785 903 Κρήσσαις
805 812 976 904 εἰρῆσθαι·
998 807 1036 902 ἣν
1057 810 1200 902 είςήγαγε
1224 835 1308 902 πορ-

121 921 273 992 νούουσαν
293 962 337 973 -
362 922 545 1011 Τιμαχίδας
566 924 627 1013 δέ,1
644 925 699 992 διὰ
721 925 780 1016 τὴν
802 924 836 992 ἐν
855 929 927 1004 τοῖς
949 922 1058 1012 Κρησὶ
1078 920 1170 1010 μίξιν
1192 930 1307 990 Πασι-

121 1032 208 1124 φοίης
229 1035 314 1124 πρὸς
334 1036 392 1103 τόν
413 1039 531 1123 ταῦρον
555 1074 606 1103 -.
630 1039 714 1104 1294
746 1035 785 1103 τὸ
808 1037 974 1121 συγκλινές
1004 1029 1055 1132 ἐπ’
1078 1030 1218 1117 Αἴαντι]
1246 1043 1307 1102 Τι-

121 1143 262 1232 μαχίδας
290 1146 372 1235 φησὶ
401 1149 497 1214 τοῦτο
528 1145 561 1213 ἐν
593 1144 690 1226 ἐνίοις
717 1147 762 1237 μὴ
793 1145 966 1234 φύρεσθαι.
1006 1141 1234 1225 ’Λπολλιύνιος
1266 1144 1306 1213 δέ

122 1280 221 1346 φησιν
252 1256 288 1325 ἐκ
322 1261 480 1346 Θρησσῶν
509 1251 588 1325 αύτό
621 1250 715 1325 εἶναι.
759 1260 833 1325 Pac.
858 1260 941 1324 1126
959 1252 1144 1344 Ἐλύμνιον]
1173 1254 1308 1324 Καλλί-

126 1366 264 1458 στρατός
287 1392 368 1456 φησι
390 1366 495 1438 τόπον
509 1363 648 1454 Εὖβοίας
669 1369 707 1436 τὸ
725 1364 906 1455 Ἐλύμνιον.
926 1362 1154 1448 Ἀπολλώνιος
1176 1367 1213 1435 δὲ
1229 1365 1309 1435 ναόν

124 1501 222 1568 φησιν
243 1472 328 1546 εἶναι
351 1478 490 1566 πλησίον
516 1474 667 1565 Εὖβοίας.
728 1475 730 1480 ’

207 1593 259 1659 his
292 1592 370 1660 loeis
401 1613 463 1659 non
493 1593 606 1659 dubito
637 1594 756 1658 addere
794 1593 874 1657 alios
904 1611 1039 1675 pancos,
1075 1593 1131 1659 ubi
1162 1594 1308 1659 eiusdem

122 1703 282 1786 Apollonii
303 1704 493 1771 mentionem
522 1704 591 1771 fieri
621 1704 785 1783 existimo,
818 1706 857 1768 ad
890 1705 1026 1769 eundem
1057 1705 1307 1786 Aristophanem

123 1816 398 1898 interpretandum
429 1815 635 1898 pertinentes.
678 1820 752 1881 sunt
774 1820 881 1881 autern
912 1814 961 1880 hi:
996 1815 1094 1882 schol.
1116 1817 1196 1881 nan.
1221 1815 1307 1881 1338

123 1919 209 1993 ἄλλοί
232 1949 289 2012 μοι
311 1922 511 2014 ἀμφίπολοι]
531 1918 757 2004 Ἀπολλώνιος
779 1924 870 2012 παρὰ
902 1924 940 1992 τὸ
963 1923 999 1991 ἐκ
1019 1928 1084 1991 τῶν
1110 1925 1307 2012 Τημενιὸὣν.
1340 1996 1344 2001 .

123 2039 186 2104 963
222 2033 629 2126 κωδωνοφαλαροπώλους]
655 2031 882 2115 Ἀπολλώνιός
913 2058 1011 2125 φησιν
1043 2033 1092 2101 ὅτι
1128 2033 1307 2126 παρήνεγκε

120 2147 303 2236 χρωμένους
330 2145 462 2216 κώδωσί
490 2173 590 2227 τινας.
634 2150 694 2216 501
720 2152 760 2215 de
788 2151 895 2217 verbis
918 2148 974 2216 οὑκ
998 2144 1144 2236 Μελίτης
1165 2151 1307 2231 prudeu-

122 2268 172 2327 ter
205 2263 351 2343 dioputat
387 2263 549 2343 noster1).
592 2261 667 2328 Pac.
696 2262 760 2328 363
784 2254 1012 2338 Ἀπολλώνιος
1041 2259 1078 2325 δὲ
1107 2255 1209 2344 ύνομα
1245 2258 1308 2344 μὲν

125 2365 213 2459 αὐτῷ
247 2390 347 2458 φησιν
377 2363 460 2436 εἶναι
493 2365 629 2452 ’Λχαιόν
659 2368 864 2456 παρωνύμως
894 2371 1118 2453 Κιλλικῶντα,
1147 2369 1186 2436 τὸ
1215 2368 1308 2454 γένος

122 2478 338 2570 Μιλήσιον).
383 2489 523 2551 ceterum
555 2485 636 2549 duos
667 2489 844 2565 postremos
874 2501 953 2567 quos
975 2483 1072 2549 attuli
1093 2484 1179 2548 locos
1201 2501 1306 2564 aequo

121 2593 257 2662 fortusse
292 2595 360 2660 iure
398 2595 567 2678 Apollonio
601 2594 768 2662 Chaeridis
804 2595 848 2680 (v.
881 2595 1064 2662 Schneider.
1108 2596 1162 2658 Ar.
1195 2594 1306 2660 seholl.

121 2706 214 2774 fontt.
236 2727 268 2789 p.
283 2707 350 2790 92),
373 2708 412 2771 de
434 2727 497 2790 quo
518 2706 630 2772 statim
646 2707 759 2786 dicam,
783 2708 942 2790 quispiam
957 2707 1172 2788 imputaverit.
1216 2705 1307 2772 deni·

121 2836 184 2902 que
206 2819 348 2884 eiusdem
372 2818 531 2899 Apollonii
554 2819 744 2885 mentionem
773 2819 815 2883 M.
840 2819 988 2884 Schmidt
1009 2818 1097 2902 (Did.
1119 2818 1197 2897 291)
1232 2835 1306 2882 oon·

122 2929 269 2996 lentando
301 2947 401 3011 neque
430 2929 465 2994 id
496 2930 563 2995 sine
592 2931 661 2995 veri
688 2930 793 3011 speeie
823 2930 973 2995 elieuite
1002 2928 1099 2994 schol.
1122 2928 1206 2994 Plut.
1229 2926 1307 3008 550,

123 3059 217 3125 quem
239 3041 343 3107 locum
359 3040 399 3106 ab
422 3040 495 3106 aliis
517 3040 612 3107 aliter
635 3041 836 3106 emendatum
860 3042 906 3106 sie
922 3040 1079 3106 restituit:
1101 3036 1158 3104 καὶ
1175 3031 1305 3104 Ἀπολ-

125 3146 240 3228 λαίνιος
262 3147 463 3238 σαφέστερον
485 3140 573 3217 οἶδεν
596 3143 638 3238 [ἢ]
660 3144 746 3215 κατοί
769 3151 832 3236 (γε)
855 3146 1012 3235 Δίδυμον.

210 3263 366 3329 haetenus
396 3263 503 3329 omnia
530 3267 686 3345 quantum
717 3263 781 3328 scio
803 3262 899 3327 huius
921 3262 1079 3345 Apollonii
1102 3263 1183 3329 artie
1204 3263 1307 3328 inter·

123 3375 322 3459 pretatoriue
359 3373 392 3439 in
420 3373 585 3456 Aristoph.
622 3374 729 3441 scholl.
767 3373 947 3454 fragmenta
979 3375 1177 3455 perlustrate
1214 3379 1307 3452 sunt3

125 3505 227 3568 neque
249 3485 375 3551 omnino
396 3485 525 3552 aliunde
547 3486 723 3568 quidquam
745 3486 786 3551 de
808 3485 868 3554 hoc
883 3486 1093 3566 grammatico
1115 3485 1193 3550 mihi
1214 3485 1306 3551 innn-

33 3592 35 3595 ’
126 3599 198 3663 tuit.
242 3615 316 3662 nam
346 3597 401 3678 qui
423 3601 547 3662 restant
569 3597 602 3661 in
624 3594 733 3661 scholl.
757 3595 919 3676 Aristoph.
941 3595 1019 3676 loni,
1040 3596 1097 3662 ubi
1119 3596 1306 3679 Apollonius

127 3709 214 3774 nullo
237 3708 349 3774 addito
381 3707 523 3788 epitheto
555 3706 785 3790 nomineturi),
808 3705 905 3773 schol.
927 3706 1013 3773 Plut.
1037 3707 1107 3775 103.
1130 3708 1208 3773 Ran.
1231 3708 1305 3775 849.

217 3867 244 3941 1)
267 3885 296 3926 v.
318 3863 450 3922 Fritzoh.
474 3883 502 3940 p.
528 3867 587 3922 215
611 3881 675 3942 sqq.

211 3967 243 4046 2)
266 3969 302 4027 of.
319 3966 450 4045 Henyoh.
475 3985 498 4025 s.
518 3985 566 4027 vv.
592 3965 745 4023 Κιλλικῶν.
772 3963 980 4042 Δημοκλεῖδαι.
1026 3968 1112 4026 Phot.
1137 3988 1158 4026 s.
1182 3987 1211 4027 v.
1236 3967 1306 4024 Κιλ-

126 4071 227 4131 λικῶν.
273 4057 353 4131 etv.
377 4068 498 4128 omnino
521 4067 656 4128 Mueller.
679 4068 772 4128 ΓΗΘ.
794 4071 835 4142 ΙΙ,
860 4074 929 4128 334.

213 4173 245 4253 3)
268 4173 396 4233 suntad
419 4190 562 4231 summum
587 4171 634 4244 17,
658 4177 802 4250 quantum
822 4172 896 4232 fides
917 4172 1105 4232 Dindorfieni
1128 4194 1150 4232 s.
1166 4173 1306 4235 Dnebne-

126 4276 205 4337 rieni
227 4276 344 4336 indioie.
389 4295 515 4355 quornm
545 4275 692 4335 editorum
724 4279 849 4355 uterque
878 4275 932 4336 toti
956 4274 1026 4335 huie
1047 4274 1156 4334 indiois
1179 4277 1306 4338 artionlo

126 4385 194 4462 poet
212 4372 411 4450 Ἀπολλώνιος
425 4398 535 4440 nomen
557 4369 576 4438 o‘
598 4373 751 4449 Δύσκολος
766 4378 851 4438 uuois
866 4378 1013 4439 inclusum
1029 4383 1139 4440 temore
1154 4381 1306 4457 praefixit.
