2866 4928
601 196 813 260 ...43„.

121 363 221 430 tentia
249 383 442 446 quamquam
466 385 526 431 non
555 373 640 434 certa
673 366 749 432 mihi
773 385 897 450 quoque
919 365 1047 434 ridetur
1076 364 1297 447 pracferenda.

120 482 188 540 tum
229 476 371 542 eiusdem
403 477 511 561 Satyri
542 476 720 542 Aristarchi
760 476 908 559 discipuli
940 481 1032 542 erunt
1062 495 1144 558 quae
1174 476 1302 542 exhibet

119 585 215 652 schol.
238 587 274 651 B.
297 587 386 653 Laid.
415 590 458 653 ad
481 587 595 659 5216
626 588 967 673 (3011010288),
997 607 1079 670 quae
1113 588 1301 653 eustaticam

118 717 196 779 prae
211 717 246 763 se
260 698 368 764 lerunt
383 700 530 780 indolem,
554 700 808 768 ceommentario
819 699 978 767 homerico
989 685 1124 765 fortasse
1134 699 1251 764 hausta
1262 700 1302 781 ¹).

323 927 426 1001 XIV.
477 928 769 1019 Dionysodorus
803 928 1035 1001 Troezenius
1046 929 1096 1016 2).

206 1131 227 1176 a
256 1111 395 1194 Didymo
423 1113 466 1179 ad
489 1117 519 1176 B
543 1115 602 1179 111
634 1113 847 1196 Dionysodori
878 1112 1086 1178 Alexandrini
1119 1112 1237 1179 mentio
1268 1111 1305 1179 fit

121 1222 303 1288 Aristarchi
325 1223 586 1305 adstipulatoris:
615 1222 671 1288 καὶ
693 1222 769 1302 τούς
790 1217 847 1289 ἀπ’
871 1216 969 1289 sicori
991 1224 1051 1303 [sc.
1069 1216 1302 1310 Ἀριστάρχου]

123 1331 160 1397 δὲ
179 1331 362 1421 χρωμένους
384 1328 472 1400 ἔστιν
487 1329 591 1420 εὑρεῖν
613 1338 652 1424 τῇ
673 1339 792 1424 γραφῇ,
815 1330 1063 1420 Διονυσόδωρον
1077 1328 1303 1416 τόνἏλεξοιν-

121 1442 200 1531 δρέα
221 1441 278 1509 καὶ
296 1437 509 1530 Ἀμμώνιον.
527 1444 715 1530 ἐπιλέγουσι
737 1445 773 1512 δὲ
796 1439 898 1511 οὐδέν.
936 1466 1029 1529 quem
1050 1447 1303 1530 Dionysodorum

121 1575 192 1622 cum
224 1558 314 1622 iuxta
351 1559 555 1624 Ammonium
591 1559 817 1625 Chalcenterus
854 1559 995 1624 nominet
1026 1559 1111 1623 iuter
1144 1559 1304 1640 proximos

119 1667 296 1733 Aristarchi
319 1668 492 1750 discipulos
515 1670 733 1751 relegabimus.
777 1677 884 1737 exstat
906 1676 1013 1735 autem
1036 1668 1237 1749 felicissima,
1264 1674 1301 1734 ut

121 1778 200 1844 mihi
222 1780 360 1858 videtur,
383 1780 613 1846 Schneidewini
636 1782 827 1859 coniectura,
850 1800 945 1864 quam
961 1780 1128 1862 proposuit
1150 1781 1182 1845 in
1197 1780 1301 1846 Praei.

121 1889 334 1973 Paroemiogr.
358 1891 413 1958 Gr.
436 1910 466 1974 p.
491 1892 568 1972 VIl;
592 1911 656 1975 qua
679 1912 739 1958 non
763 1893 925 1958 diversum
947 1893 988 1958 ab
1011 1892 1067 1958 illo
1089 1891 1304 1958 Alexandrino

121 2001 375 2084 Dionysodorum
398 2003 647 2082 Troezenium³)
677 2023 706 2069 v.
730 2005 760 2069 d.
788 2003 904 2068 statuit
925 2022 1011 2085 esse,
1042 2003 1133 2070 cuius
1162 2004 1307 2068 meminit

122 2111 315 2180 Plutarchus
336 2114 368 2179 iu
385 2115 454 2180 uita
469 2115 560 2180 Arati
577 2116 607 2181 1:
630 2109 881 2202 Διονυσόδωρος
904 2106 937 2178 δ’
961 2109 978 2180 ὁ
1007 2109 1194 2202 Τροιζήνιος
1216 2111 1306 2199 ἐλέγ-

121 2246 188 2303 χων
202 2216 300 2290 αὐτὸν
315 2225 371 2310 [su.
388 2226 616 2311 Chrysippum]
634 2219 845 2313 ἀντεκτίθησι
859 2223 916 2314 τὴν
931 2218 1088 2315 ἀληθινὴν
1113 2229 1169 2309 [sc.
1186 2249 1306 2313 παροι-

126 2331 219 2419 μίαν]
244 2330 347 2414 οὕυως
369 2332 507 2418 ἔχουσαν
528 2332 594 2402 aab.
640 2339 817 2406 rectissime
838 2339 922 2403 enim
954 2359 983 2405 v.
1007 2338 1051 2403 d.:
1084 2339 1189 2420 „illud
1212 2345 1307 2413 certe,

123 2447 248 2530 inquit,
270 2449 448 2515 sententiae
469 2457 597 2516 nostrae
619 2469 680 2515 non
703 2448 817 2529 officit,
852 2451 937 2532 quod
959 2450 1060 2516 altero
1082 2451 1150 2517 loco
1174 2450 1307 2516 Troeze-

124 2559 214 2640 οἰοε,
245 2560 347 2626 altero
379 2561 498 2627 dicitur
527 2561 769 2627 Alexandrinus.
821 2561 942 2626 Natum
979 2561 1120 2628 arbitror
1150 2564 1308 2628 Troezene

125 2669 290 2737 doctorum
304 2672 490 2739 celebritate
505 2680 538 2738 et
553 2673 643 2739 urbis
658 2673 807 2738 allectum
818 2674 850 2737 in
865 2675 1012 2755 Aegypto
1027 2673 1135 2739 sedem
1150 2672 1256 2739 fixisse
1265 2677 1307 2752 4).

124 2781 209 2846 Illud
225 2787 332 2849 autem
349 2784 478 2867 egregie
493 2785 671 2865 opinionem
686 2802 789 2848 meam
806 2783 980 2865 confirmat,
1000 2784 1084 2864 quod
1100 2784 1307 2850 Alexandrini

124 2895 325 2976 grammatici
356 2898 482 2962 omnino
516 2915 627 2962 averso
657 2901 750 2962 erant
783 2915 803 2961 a
841 2894 1020 2961 Stoicorum
1047 2878 1310 2977 philosophorum

122 3007 267 3074 doctrina
289 3012 405 3090 animo,
428 3028 498 3074 oum
523 3008 641 3073 aemuli
662 3007 803 3090 ipsorum
826 3012 859 3071 et
881 3006 1057 3085 adversarii
1073 3007 1214 3072 Oratetei
1230 3007 1307 3071 Per-

122 3121 249 3200 gameni
270 3139 291 3185 a
314 3119 491 3185 Stoicorum
520 3119 687 3203 principiis
716 3117 1008 3202 proficiscebantur.
1053 3118 1136 3185 Hinc
1166 3137 1226 3184 non
1250 3119 1308 3182 mi-

123 3209 261 3270 randum
293 3236 360 3312 est,
390 3234 476 3314 quod
509 3232 748 3314 Dionysodorus
770 3229 995 3296 Aristarcheus
1017 3228 1115 3295 Stoici
1138 3229 1311 3311 chrysippi

214 3437 243 3516 1)
266 3439 401 3499 Mueller.
426 3461 454 3516 p.
480 3444 556 3501 165:
577 3443 645 3515 „Ad
667 3440 801 3518 mythioa
822 3440 897 3497 haec
918 3438 1044 3497 fortasse
1066 3437 1222 3497 referenda
1241 3443 1311 3498 sunt

124 3559 200 3621 quac
222 3540 363 3614 leguntur
384 3541 415 3600 in
438 3543 529 3603 schol.
553 3545 608 3603 0d.
630 3547 655 3601 0
678 3549 739 3602 288
763 3549 794 3603 et
816 3541 907 3601 schol.
930 3540 967 3599 Il.
991 3535 1019 3604 Ξ
1039 3544 1108 3599 216.
1154 3542 1212 3599 Sed
1243 3542 1308 3600 fieri

123 3642 212 3703 etiam
242 3648 355 3718 potest,
385 3650 420 3704 ut
451 3634 519 3706 date
550 3666 640 3724 opera
669 3647 793 3726 Satyrus
825 3645 858 3703 in
887 3645 1051 3703 Homerum
1082 3643 1309 3705 commentarios

123 3745 303 3823 scripserit.“

208 3850 240 3927 2)
269 3870 297 3911 r.
323 3849 408 3909 Voss.
439 3851 507 3912 hiat
537 3870 580 3927 gr.
603 3871 632 3928 p.
658 3856 718 3910 488
747 3851 903 3911 Westerm.
927 3848 1109 3926 Bernhardy.
1135 3851 1235 3910 adnot.
1265 3852 1302 3910 ad

122 3953 202 4012 uuio.
226 3956 251 4026 Ι,
278 3956 290 4011 l
317 3973 346 4030 p.
372 3959 462 4026 1398,
490 3959 536 4014 13.
558 3955 663 4014 Baehr.
678 3955 709 4013 in
726 3954 832 4030 Paulyi
855 3953 917 4011 ER.
942 3973 964 4010 s.
987 3972 1015 4011 v.
1039 3951 1230 4031 Dionysodor
1251 3973 1303 4012 aus

122 4056 284 4115 Alexandr.
308 4057 465 4115 Greefenh.
490 4058 514 4130 I,
538 4059 673 4129 40011,
702 4056 768 4117 170.
786 4061 857 4116 204.
881 4055 1015 4113 Mueller.
1039 4055 1132 4115 FHG.
1154 4057 1187 4114 Il
1208 4077 1237 4132 p.
1256 4063 1303 4115 84.

210 4159 241 4237 3)
263 4159 341 4218 idern
365 4159 454 4219 tacite
484 4165 747 4236 praesumpserunt
772 4159 892 4219 Lersoh.
915 4159 948 4217 II
969 4177 998 4233 p.
1024 4158 1071 4217 57.
1106 4159 1302 4220 Graefenhan.

122 4265 146 4336 I,
172 4265 240 4321 400.
655 4278 659 4287 ·

209 4366 242 4445 4)
263 4366 322 4427 fnit
344 4384 415 4443 ergo
440 4357 530 4440 φύσει
551 4364 740 4441 Troezenius,
762 4360 846 4424 θέσει
869 4363 1104 4425 Alexandrinus.
