<?xml version="1.0" encoding="UTF-8"?>
<!DOCTYPE html PUBLIC "-//W3C//DTD XHTML 1.0 Transitional//EN"
    "http://www.w3.org/TR/xhtml1/DTD/xhtml1-transitional.dtd">
<html xmlns="http://www.w3.org/1999/xhtml" xml:lang="en" lang="en">
 <head>
  <title>
</title>
<meta http-equiv="Content-Type" content="text/html;charset=utf-8" />
  <meta name='ocr-system' content='tesseract 3.04.00' />
  <meta name='ocr-capabilities' content='ocr_page ocr_carea ocr_par ocr_line ocrx_word'/>
</head>
<body>
  <div class='ocr_page' id='page_1' title='image "./dearistarchidis00blaugoog_0025.png"; bbox 0 0 2866 4928; ppageno 0'>
   <div class='ocr_carea' id='block_1_1' title="bbox 604 188 815 255">
    <p class='ocr_par' dir='ltr' id='par_1_1' title="bbox 604 188 815 255">
     <span class='ocr_line' id='line_1_1' title="bbox 604 188 815 255; baseline 0.014 -20"><span class='ocrx_word' id='word_1_1' title='bbox 604 188 815 255; x_wconf 82' lang='lat'><strong>...16-</strong></span> 
     </span>
    </p>
   </div>
   <div class='ocr_carea' id='block_1_2' title="bbox 28 358 1298 3882">
    <p class='ocr_par' dir='ltr' id='par_1_2' title="bbox 118 358 1298 2326">
     <span class='ocr_line' id='line_1_2' title="bbox 120 358 1296 442; baseline 0.002 -18"><span class='ocrx_word' id='word_1_2' title='bbox 120 359 273 424; x_wconf 88' lang='lat' dir='ltr'><strong>adversus</strong></span> <span class='ocrx_word' id='word_1_3' title='bbox 294 359 489 424; x_wconf 85' lang='lat' dir='ltr'><strong>Demetrium</strong></span> <span class='ocrx_word' id='word_1_4' title='bbox 519 378 590 425; x_wconf 88' lang='lat' dir='ltr'><strong>cum</strong></span> <span class='ocrx_word' id='word_1_5' title='bbox 622 358 810 425; x_wconf 81' lang='lat' dir='ltr'><strong>Aristarcho</strong></span> <span class='ocrx_word' id='word_1_6' title='bbox 841 358 983 440; x_wconf 84' lang='lat' dir='ltr'><strong>putavit:</strong></span> <span class='ocrx_word' id='word_1_7' title='bbox 1017 358 1132 425; x_wconf 87' lang='lat' dir='ltr'><strong>Strabo</strong></span> <span class='ocrx_word' id='word_1_8' title='bbox 1163 380 1194 442; x_wconf 92' lang='lat' dir='ltr'><strong>p.</strong></span> <span class='ocrx_word' id='word_1_9' title='bbox 1216 361 1296 426; x_wconf 84' lang='lat'><strong>339:</strong></span> 
     </span>
     <span class='ocr_line' id='line_1_3' title="bbox 119 460 1296 560; baseline 0.004 -28"><span class='ocrx_word' id='word_1_10' title='bbox 119 465 216 534; x_wconf 77' lang='grc' dir='ltr'><strong><em>τοῦτό</em></strong></span> <span class='ocrx_word' id='word_1_11' title='bbox 243 491 277 533; x_wconf 82' lang='lat' dir='ltr'><strong>re</strong></span> <span class='ocrx_word' id='word_1_12' title='bbox 308 460 363 534; x_wconf 80' lang='grc' dir='ltr'><strong>οὖν</strong></span> <span class='ocrx_word' id='word_1_13' title='bbox 393 464 499 555; x_wconf 77' lang='grc' dir='ltr'><em>εἴρηκε</em></span> <span class='ocrx_word' id='word_1_14' title='bbox 521 469 758 553; x_wconf 84' lang='lat' dir='ltr'><strong>(Apollodorus)</strong></span> <span class='ocrx_word' id='word_1_15' title='bbox 784 468 935 555; x_wconf 82' lang='grc' dir='ltr'><strong><em>σκέψεως</em></strong></span> <span class='ocrx_word' id='word_1_16' title='bbox 966 464 1119 553; x_wconf 78' lang='grc' dir='ltr'><strong><em>δεόμενον</em></strong></span> <span class='ocrx_word' id='word_1_17' title='bbox 1141 469 1196 535; x_wconf 84' lang='grc' dir='ltr'><strong>καὶ</strong></span> <span class='ocrx_word' id='word_1_18' title='bbox 1220 472 1296 560; x_wconf 82' lang='grc' dir='ltr'><strong><em>περὶ</em></strong></span> 
     </span>
     <span class='ocr_line' id='line_1_4' title="bbox 121 571 1296 670; baseline 0.003 -26"><span class='ocrx_word' id='word_1_19' title='bbox 121 581 181 669; x_wconf 72' lang='grc' dir='ltr'><strong>τῆς</strong></span> <span class='ocrx_word' id='word_1_20' title='bbox 204 576 359 661; x_wconf 79' lang='grc' dir='ltr'><strong><em>Οἰχαλίας</em></strong></span> <span class='ocrx_word' id='word_1_21' title='bbox 381 577 428 644; x_wconf 79' lang='grc' dir='ltr'><strong>ὅτι</strong></span> <span class='ocrx_word' id='word_1_22' title='bbox 453 577 551 667; x_wconf 63' lang='grc' dir='ltr'><strong><em>(μησίν</em></strong></span> <span class='ocrx_word' id='word_1_23' title='bbox 573 573 609 645; x_wconf 81' lang='grc' dir='ltr'><strong>οἰ</strong></span> <span class='ocrx_word' id='word_1_24' title='bbox 626 583 707 663; x_wconf 84' lang='grc' dir='ltr'><strong><em>μιᾶς</em></strong></span> <span class='ocrx_word' id='word_1_25' title='bbox 723 577 828 667; x_wconf 79' lang='grc' dir='ltr'><strong><em>οἰίσης,</em></strong></span> <span class='ocrx_word' id='word_1_26' title='bbox 850 576 929 665; x_wconf 88' lang='grc' dir='ltr'><strong><em>μίαν</em></strong></span> <span class='ocrx_word' id='word_1_27' title='bbox 945 571 1028 645; x_wconf 85' lang='grc' dir='ltr'><strong><em>εἰναι</em></strong></span> <span class='ocrx_word' id='word_1_28' title='bbox 1043 574 1141 646; x_wconf 78' lang='grc' dir='ltr'><strong><em>πόλιν</em></strong></span> <span class='ocrx_word' id='word_1_29' title='bbox 1155 575 1296 670; x_wconf 78' lang='grc' dir='ltr'><em>Εὐρύτου</em></span> 
     </span>
     <span class='ocr_line' id='line_1_5' title="bbox 125 680 1295 781; baseline -0.002 -24"><span class='ocrx_word' id='word_1_30' title='bbox 125 687 307 778; x_wconf 75' lang='grc' dir='ltr'><strong><em>Οἰχαλῇος.</em></strong></span> <span class='ocrx_word' id='word_1_31' title='bbox 328 691 424 778; x_wconf 78' lang='grc' dir='ltr'><strong><em>δῆλον</em></strong></span> <span class='ocrx_word' id='word_1_32' title='bbox 440 682 494 755; x_wconf 79' lang='grc' dir='ltr'><strong>οὖν</strong></span> <span class='ocrx_word' id='word_1_33' title='bbox 509 687 558 755; x_wconf 81' lang='grc' dir='ltr'><strong>ὅτι</strong></span> <span class='ocrx_word' id='word_1_34' title='bbox 581 689 637 780; x_wconf 75' lang='grc' dir='ltr'><strong>τὴν</strong></span> <span class='ocrx_word' id='word_1_35' title='bbox 655 689 860 781; x_wconf 78' lang='grc' dir='ltr'><strong><em>Θετταλικήν,</em></strong></span> <span class='ocrx_word' id='word_1_36' title='bbox 883 684 932 778; x_wconf 70' lang='grc' dir='ltr'><strong>ἐφ’</strong></span> <span class='ocrx_word' id='word_1_37' title='bbox 947 680 985 781; x_wconf 70' lang='grc' dir='ltr'><strong>ἧς</strong></span> <span class='ocrx_word' id='word_1_38' title='bbox 1003 685 1159 779; x_wconf 40' lang='grc' dir='ltr'><strong><em>φησινςολ</em></strong></span> <span class='ocrx_word' id='word_1_39' title='bbox 1172 685 1198 756; x_wconf 76' lang='grc' dir='ltr'><strong>τ’</strong></span> <span class='ocrx_word' id='word_1_40' title='bbox 1224 687 1295 773; x_wconf 74' lang='grc' dir='ltr'><strong><em>ἕχον</em></strong></span> 
     </span>
     <span class='ocr_line' id='line_1_6' title="bbox 127 795 1295 892; baseline 0 -25"><span class='ocrx_word' id='word_1_41' title='bbox 127 798 288 888; x_wconf 76' lang='grc' dir='ltr'><strong><em>Οἰχαλίην,</em></strong></span> <span class='ocrx_word' id='word_1_42' title='bbox 320 798 418 867; x_wconf 80' lang='grc' dir='ltr'><strong><em>πόλιν</em></strong></span> <span class='ocrx_word' id='word_1_43' title='bbox 447 795 587 891; x_wconf 80' lang='grc' dir='ltr'><em>Εὐρύτου</em></span> <span class='ocrx_word' id='word_1_44' title='bbox 621 801 803 892; x_wconf 75' lang='grc' dir='ltr'><strong><em>Οἰχαλῆος’</em></strong></span> <span class='ocrx_word' id='word_1_45' title='bbox 836 799 900 869; x_wconf 67' lang='grc' dir='ltr'><strong><em>καί.</em></strong></span> <span class='ocrx_word' id='word_1_46' title='bbox 945 803 983 869; x_wconf 85' lang='lat' dir='ltr'><strong>cf.</strong></span> <span class='ocrx_word' id='word_1_47' title='bbox 1018 805 1156 869; x_wconf 88' lang='lat' dir='ltr'><strong>Ariston.</strong></span> <span class='ocrx_word' id='word_1_48' title='bbox 1190 805 1232 869; x_wconf 86' lang='lat' dir='ltr'><strong>ad</strong></span> <span class='ocrx_word' id='word_1_49' title='bbox 1265 808 1295 867; x_wconf 90' lang='lat' dir='ltr'><em>B</em></span> 
     </span>
     <span class='ocr_line' id='line_1_7' title="bbox 119 909 1296 998; baseline 0.001 -21"><span class='ocrx_word' id='word_1_50' title='bbox 119 913 182 978; x_wconf 81' lang='lat'><strong>596</strong></span> <span class='ocrx_word' id='word_1_51' title='bbox 205 922 238 979; x_wconf 92' lang='lat' dir='ltr'><strong>et</strong></span> <span class='ocrx_word' id='word_1_52' title='bbox 262 915 323 981; x_wconf 89' lang='grc'><strong>730</strong></span> <span class='ocrx_word' id='word_1_53' title='bbox 336 916 372 994; x_wconf 84' lang='lat'><strong>¹).</strong></span> <span class='ocrx_word' id='word_1_54' title='bbox 417 914 489 980; x_wconf 90' lang='lat' dir='ltr'><strong>dein</strong></span> <span class='ocrx_word' id='word_1_55' title='bbox 513 933 584 980; x_wconf 91' lang='lat' dir='ltr'><strong>cum</strong></span> <span class='ocrx_word' id='word_1_56' title='bbox 607 916 760 998; x_wconf 84' lang='lat' dir='ltr'><strong>magistro</strong></span> <span class='ocrx_word' id='word_1_57' title='bbox 782 915 940 983; x_wconf 84' lang='lat' dir='ltr'><strong>consentit</strong></span> <span class='ocrx_word' id='word_1_58' title='bbox 969 921 1075 981; x_wconf 88' lang='lat' dir='ltr'><strong>noster</strong></span> <span class='ocrx_word' id='word_1_59' title='bbox 1097 915 1129 980; x_wconf 92' lang='lat' dir='ltr'><strong>in</strong></span> <span class='ocrx_word' id='word_1_60' title='bbox 1145 909 1296 991; x_wconf 77' lang='grc' dir='ltr'><strong><em>Ἑλλάδος</em></strong></span> 
     </span>
     <span class='ocr_line' id='line_1_8' title="bbox 119 1024 1295 1112; baseline 0.001 -23"><span class='ocrx_word' id='word_1_61' title='bbox 119 1026 204 1106; x_wconf 90' lang='lat' dir='ltr'><strong>apud</strong></span> <span class='ocrx_word' id='word_1_62' title='bbox 229 1025 401 1090; x_wconf 87' lang='lat' dir='ltr'><strong>Homerum</strong></span> <span class='ocrx_word' id='word_1_63' title='bbox 411 1025 551 1112; x_wconf 25' lang='lat' dir='ltr'><strong>*notione</strong></span> <span class='ocrx_word' id='word_1_64' title='bbox 571 1024 764 1091; x_wconf 90' lang='lat' dir='ltr'><strong>definienda:</strong></span> <span class='ocrx_word' id='word_1_65' title='bbox 788 1027 893 1091; x_wconf 85' lang='lat' dir='ltr'><strong>Strab.</strong></span> <span class='ocrx_word' id='word_1_66' title='bbox 916 1047 947 1108; x_wconf 89' lang='lat' dir='ltr'><strong>p.</strong></span> <span class='ocrx_word' id='word_1_67' title='bbox 963 1027 1027 1091; x_wconf 82' lang='lat'><strong>370</strong></span> <span class='ocrx_word' id='word_1_68' title='bbox 1049 1028 1088 1092; x_wconf 92' lang='lat' dir='ltr'><strong>cl.</strong></span> <span class='ocrx_word' id='word_1_69' title='bbox 1110 1027 1220 1093; x_wconf 83' lang='lat' dir='ltr'><strong>Labra.</strong></span> <span class='ocrx_word' id='word_1_70' title='bbox 1242 1028 1295 1091; x_wconf 94' lang='lat' dir='ltr'><strong>Ar.</strong></span> 
     </span>
     <span class='ocr_line' id='line_1_9' title="bbox 118 1135 1297 1220; baseline 0 -18"><span class='ocrx_word' id='word_1_71' title='bbox 118 1138 190 1203; x_wconf 83' lang='lat'><strong>233.</strong></span> <span class='ocrx_word' id='word_1_72' title='bbox 206 1159 235 1203; x_wconf 88' lang='lat' dir='ltr'><strong>v.</strong></span> <span class='ocrx_word' id='word_1_73' title='bbox 251 1138 350 1202; x_wconf 88' lang='lat' dir='ltr'><strong>Gaed.</strong></span> <span class='ocrx_word' id='word_1_74' title='bbox 366 1137 520 1201; x_wconf 86' lang='lat' dir='ltr'><strong>Demetrii</strong></span> <span class='ocrx_word' id='word_1_75' title='bbox 543 1135 591 1202; x_wconf 85' lang='lat' dir='ltr'><strong>Sc.</strong></span> <span class='ocrx_word' id='word_1_76' title='bbox 614 1153 694 1215; x_wconf 84' lang='lat' dir='ltr'><strong>quae</strong></span> <span class='ocrx_word' id='word_1_77' title='bbox 716 1155 835 1218; x_wconf 91' lang='lat' dir='ltr'><strong>supers.</strong></span> <span class='ocrx_word' id='word_1_78' title='bbox 859 1156 889 1217; x_wconf 89' lang='lat' dir='ltr'><strong>p.</strong></span> <span class='ocrx_word' id='word_1_79' title='bbox 912 1138 941 1200; x_wconf 88' lang='lat'><strong>8.</strong></span> <span class='ocrx_word' id='word_1_80' title='bbox 957 1173 998 1182; x_wconf 90' lang='lat'><em>-</em></span> <span class='ocrx_word' id='word_1_81' title='bbox 1021 1138 1076 1203; x_wconf 88' lang='lat' dir='ltr'><strong>sed</strong></span> <span class='ocrx_word' id='word_1_82' title='bbox 1100 1138 1179 1205; x_wconf 91' lang='lat' dir='ltr'><strong>haec</strong></span> <span class='ocrx_word' id='word_1_83' title='bbox 1195 1157 1297 1220; x_wconf 83' lang='lat' dir='ltr'><strong>pauca</strong></span> 
     </span>
     <span class='ocr_line' id='line_1_10' title="bbox 119 1246 1298 1328; baseline -0.001 -14"><span class='ocrx_word' id='word_1_84' title='bbox 119 1248 266 1314; x_wconf 88' lang='lat' dir='ltr'><strong>attulisse</strong></span> <span class='ocrx_word' id='word_1_85' title='bbox 295 1249 374 1313; x_wconf 88' lang='lat' dir='ltr'><strong>satis</strong></span> <span class='ocrx_word' id='word_1_86' title='bbox 402 1248 454 1311; x_wconf 88' lang='lat' dir='ltr'><strong>sit.</strong></span> <span class='ocrx_word' id='word_1_87' title='bbox 487 1247 526 1310; x_wconf 94' lang='lat' dir='ltr'><strong>de</strong></span> <span class='ocrx_word' id='word_1_88' title='bbox 554 1252 622 1310; x_wconf 89' lang='lat' dir='ltr'><strong>tota</strong></span> <span class='ocrx_word' id='word_1_89' title='bbox 651 1264 725 1310; x_wconf 87' lang='lat' dir='ltr'><strong>vero</strong></span> <span class='ocrx_word' id='word_1_90' title='bbox 747 1247 847 1311; x_wconf 88' lang='lat' dir='ltr'><strong>nostri</strong></span> <span class='ocrx_word' id='word_1_91' title='bbox 880 1247 910 1309; x_wconf 91' lang='lat' dir='ltr'><strong>in</strong></span> <span class='ocrx_word' id='word_1_92' title='bbox 942 1246 1000 1310; x_wconf 92' lang='lat' dir='ltr'><strong>hoc</strong></span> <span class='ocrx_word' id='word_1_93' title='bbox 1032 1265 1142 1328; x_wconf 90' lang='lat' dir='ltr'><strong>campo</strong></span> <span class='ocrx_word' id='word_1_94' title='bbox 1174 1251 1298 1313; x_wconf 89' lang='lat' dir='ltr'><strong>ratione</strong></span> 
     </span>
     <span class='ocr_line' id='line_1_11' title="bbox 120 1354 1296 1439; baseline 0 -16"><span class='ocrx_word' id='word_1_95' title='bbox 120 1357 359 1439; x_wconf 83' lang='lat' dir='ltr'><strong>Schimbergum</strong></span> <span class='ocrx_word' id='word_1_96' title='bbox 382 1357 408 1422; x_wconf 91' lang='lat' dir='ltr'><strong>si</strong></span> <span class='ocrx_word' id='word_1_97' title='bbox 425 1356 530 1438; x_wconf 88' lang='lat' dir='ltr'><strong>placet</strong></span> <span class='ocrx_word' id='word_1_98' title='bbox 546 1357 713 1421; x_wconf 91' lang='lat' dir='ltr'><strong>audiamus</strong></span> <span class='ocrx_word' id='word_1_99' title='bbox 736 1355 781 1438; x_wconf 92' lang='lat' dir='ltr'><strong>(p.</strong></span> <span class='ocrx_word' id='word_1_100' title='bbox 798 1355 869 1438; x_wconf 64' lang='lat' dir='ltr'><strong>ab:</strong></span> <span class='ocrx_word' id='word_1_101' title='bbox 892 1392 954 1435; x_wconf 92' lang='lat'><strong>„-</strong></span> <span class='ocrx_word' id='word_1_102' title='bbox 970 1354 1145 1436; x_wconf 89' lang='lat' dir='ltr'><strong>proiectum</strong></span> <span class='ocrx_word' id='word_1_103' title='bbox 1169 1359 1296 1437; x_wconf 90' lang='lat' dir='ltr'><strong>quidem</strong></span> 
     </span>
     <span class='ocr_line' id='line_1_12' title="bbox 120 1465 1296 1550; baseline -0.002 -18"><span class='ocrx_word' id='word_1_104' title='bbox 120 1469 344 1550; x_wconf 89' lang='lat' dir='ltr'><strong>Apollodorum</strong></span> <span class='ocrx_word' id='word_1_105' title='bbox 375 1467 414 1532; x_wconf 89' lang='lat' dir='ltr'><strong>ab</strong></span> <span class='ocrx_word' id='word_1_106' title='bbox 438 1466 616 1530; x_wconf 82' lang='lat' dir='ltr'><strong>Aristarchi</strong></span> <span class='ocrx_word' id='word_1_107' title='bbox 646 1466 785 1545; x_wconf 88' lang='lat' dir='ltr'><strong>ratione,</strong></span> <span class='ocrx_word' id='word_1_108' title='bbox 817 1472 1000 1546; x_wconf 86' lang='lat' dir='ltr'><strong>provectum</strong></span> <span class='ocrx_word' id='word_1_109' title='bbox 1035 1473 1139 1530; x_wconf 85' lang='lat' dir='ltr'><strong>tamen</strong></span> <span class='ocrx_word' id='word_1_110' title='bbox 1172 1465 1296 1546; x_wconf 89' lang='lat' dir='ltr'><strong>longius</strong></span> 
     </span>
     <span class='ocr_line' id='line_1_13' title="bbox 120 1575 1295 1660; baseline -0.002 -16"><span class='ocrx_word' id='word_1_111' title='bbox 120 1598 190 1644; x_wconf 90' lang='lat' dir='ltr'><strong>esse</strong></span> <span class='ocrx_word' id='word_1_112' title='bbox 211 1584 355 1660; x_wconf 86' lang='lat' dir='ltr'><strong>apparet.</strong></span> <span class='ocrx_word' id='word_1_113' title='bbox 378 1594 478 1656; x_wconf 93' lang='lat' dir='ltr'><strong>neque</strong></span> <span class='ocrx_word' id='word_1_114' title='bbox 507 1577 565 1640; x_wconf 88' lang='lat' dir='ltr'><strong>hoc</strong></span> <span class='ocrx_word' id='word_1_115' title='bbox 587 1576 748 1654; x_wconf 87' lang='lat' dir='ltr'><strong>miramur,</strong></span> <span class='ocrx_word' id='word_1_116' title='bbox 772 1576 798 1640; x_wconf 88' lang='lat' dir='ltr'><strong>si</strong></span> <span class='ocrx_word' id='word_1_117' title='bbox 821 1576 1008 1656; x_wconf 87' lang='lat' dir='ltr'><strong>respicimus</strong></span> <span class='ocrx_word' id='word_1_118' title='bbox 1031 1575 1193 1656; x_wconf 86' lang='lat' dir='ltr'><strong>proprium</strong></span> <span class='ocrx_word' id='word_1_119' title='bbox 1217 1577 1295 1642; x_wconf 89' lang='lat' dir='ltr'><strong>utri-</strong></span> 
     </span>
     <span class='ocr_line' id='line_1_14' title="bbox 119 1684 1295 1772; baseline -0.004 -16"><span class='ocrx_word' id='word_1_120' title='bbox 119 1710 219 1772; x_wconf 90' lang='lat' dir='ltr'><strong>usque</strong></span> <span class='ocrx_word' id='word_1_121' title='bbox 241 1689 403 1755; x_wconf 92' lang='lat' dir='ltr'><strong>consilium</strong></span> <span class='ocrx_word' id='word_1_122' title='bbox 425 1694 522 1769; x_wconf 90' lang='lat' dir='ltr'><strong>atque</strong></span> <span class='ocrx_word' id='word_1_123' title='bbox 536 1684 742 1768; x_wconf 88' lang='lat' dir='ltr'><strong>propositum.</strong></span> <span class='ocrx_word' id='word_1_124' title='bbox 781 1686 986 1753; x_wconf 88' lang='lat' dir='ltr'><strong>Aristarchus</strong></span> <span class='ocrx_word' id='word_1_125' title='bbox 1009 1687 1091 1751; x_wconf 86' lang='lat' dir='ltr'><strong>enim</strong></span> <span class='ocrx_word' id='word_1_126' title='bbox 1113 1688 1147 1752; x_wconf 94' lang='lat' dir='ltr'><strong>id</strong></span> <span class='ocrx_word' id='word_1_127' title='bbox 1169 1687 1295 1769; x_wconf 80' lang='lat' dir='ltr'><strong>agebat,</strong></span> 
     </span>
     <span class='ocr_line' id='line_1_15' title="bbox 119 1795 1296 1884; baseline -0.003 -19"><span class='ocrx_word' id='word_1_128' title='bbox 119 1811 156 1867; x_wconf 91' lang='lat' dir='ltr'><strong>ut</strong></span> <span class='ocrx_word' id='word_1_129' title='bbox 178 1795 365 1884; x_wconf 76' lang='grc' dir='ltr'><strong><em>ὁμωνυμίας</em></strong></span> <span class='ocrx_word' id='word_1_130' title='bbox 385 1799 623 1881; x_wconf 82' lang='lat' dir='ltr'><strong>geographicas,</strong></span> <span class='ocrx_word' id='word_1_131' title='bbox 646 1817 727 1880; x_wconf 88' lang='lat' dir='ltr'><strong>quae</strong></span> <span class='ocrx_word' id='word_1_132' title='bbox 751 1799 837 1879; x_wconf 92' lang='lat' dir='ltr'><strong>apud</strong></span> <span class='ocrx_word' id='word_1_133' title='bbox 859 1798 962 1880; x_wconf 88' lang='lat' dir='ltr'><strong>ipsum</strong></span> <span class='ocrx_word' id='word_1_134' title='bbox 985 1807 1110 1880; x_wconf 86' lang='lat' dir='ltr'><strong>poetam</strong></span> <span class='ocrx_word' id='word_1_135' title='bbox 1135 1800 1296 1880; x_wconf 90' lang='lat' dir='ltr'><strong>reperiun-</strong></span> 
     </span>
     <span class='ocr_line' id='line_1_16' title="bbox 119 1909 1295 1992; baseline -0.002 -16"><span class='ocrx_word' id='word_1_136' title='bbox 119 1918 181 1991; x_wconf 92' lang='lat' dir='ltr'><strong>tur,</strong></span> <span class='ocrx_word' id='word_1_137' title='bbox 204 1915 328 1975; x_wconf 86' lang='lat' dir='ltr'><strong>notaret</strong></span> <span class='ocrx_word' id='word_1_138' title='bbox 350 1917 383 1975; x_wconf 92' lang='lat' dir='ltr'><strong>et</strong></span> <span class='ocrx_word' id='word_1_139' title='bbox 405 1910 624 1992; x_wconf 84' lang='lat' dir='ltr'><strong>distingueret.</strong></span> <span class='ocrx_word' id='word_1_140' title='bbox 662 1909 873 1991; x_wconf 88' lang='lat' dir='ltr'><strong>Apollodorus</strong></span> <span class='ocrx_word' id='word_1_141' title='bbox 896 1917 1006 1974; x_wconf 88' lang='lat' dir='ltr'><strong>contra</strong></span> <span class='ocrx_word' id='word_1_142' title='bbox 1028 1910 1142 1975; x_wconf 86' lang='lat' dir='ltr'><strong>studiis</strong></span> <span class='ocrx_word' id='word_1_143' title='bbox 1164 1928 1295 1992; x_wconf 89' lang='lat' dir='ltr'><strong>geogra-</strong></span> 
     </span>
     <span class='ocr_line' id='line_1_17' title="bbox 118 2021 1296 2104; baseline -0.001 -18"><span class='ocrx_word' id='word_1_144' title='bbox 118 2022 221 2104; x_wconf 90' lang='lat' dir='ltr'><strong>phicis</strong></span> <span class='ocrx_word' id='word_1_145' title='bbox 244 2023 335 2087; x_wconf 83' lang='lat' dir='ltr'><strong>nixus</strong></span> <span class='ocrx_word' id='word_1_146' title='bbox 350 2022 523 2087; x_wconf 89' lang='lat' dir='ltr'><strong>Homerum</strong></span> <span class='ocrx_word' id='word_1_147' title='bbox 546 2023 593 2087; x_wconf 92' lang='lat' dir='ltr'><strong>ita</strong></span> <span class='ocrx_word' id='word_1_148' title='bbox 609 2023 881 2103; x_wconf 89' lang='lat' dir='ltr'><strong>interpretandum</strong></span> <span class='ocrx_word' id='word_1_149' title='bbox 905 2021 965 2087; x_wconf 90' lang='lat' dir='ltr'><strong>sibi</strong></span> <span class='ocrx_word' id='word_1_150' title='bbox 987 2022 1134 2103; x_wconf 84' lang='lat' dir='ltr'><strong>sumpsit,</strong></span> <span class='ocrx_word' id='word_1_151' title='bbox 1155 2028 1192 2086; x_wconf 92' lang='lat' dir='ltr'><strong>ut</strong></span> <span class='ocrx_word' id='word_1_152' title='bbox 1213 2022 1296 2103; x_wconf 93' lang='lat' dir='ltr'><strong>quod</strong></span> 
     </span>
     <span class='ocr_line' id='line_1_18' title="bbox 119 2127 1297 2216; baseline 0 -20"><span class='ocrx_word' id='word_1_153' title='bbox 119 2127 306 2216; x_wconf 78' lang='grc' dir='ltr'><strong><em>ὁμωνυμίας</em></strong></span> <span class='ocrx_word' id='word_1_154' title='bbox 321 2136 448 2216; x_wconf 90' lang='lat' dir='ltr'><strong>attinet,</strong></span> <span class='ocrx_word' id='word_1_155' title='bbox 470 2135 539 2199; x_wconf 92' lang='lat' dir='ltr'><strong>loca</strong></span> <span class='ocrx_word' id='word_1_156' title='bbox 554 2135 650 2198; x_wconf 88' lang='lat' dir='ltr'><strong>etiam</strong></span> <span class='ocrx_word' id='word_1_157' title='bbox 673 2132 713 2198; x_wconf 90' lang='lat' dir='ltr'><strong>ab</strong></span> <span class='ocrx_word' id='word_1_158' title='bbox 735 2134 806 2198; x_wconf 91' lang='lat' dir='ltr'><strong>aliis</strong></span> <span class='ocrx_word' id='word_1_159' title='bbox 821 2134 1031 2214; x_wconf 90' lang='lat' dir='ltr'><strong>scriptoribus</strong></span> <span class='ocrx_word' id='word_1_160' title='bbox 1054 2139 1297 2198; x_wconf 88' lang='lat' dir='ltr'><strong>commemorata</strong></span> 
     </span>
     <span class='ocr_line' id='line_1_19' title="bbox 118 2243 1296 2326; baseline -0.003 -17"><span class='ocrx_word' id='word_1_161' title='bbox 118 2245 279 2326; x_wconf 85' lang='lat' dir='ltr'><strong>colligeret</strong></span> <span class='ocrx_word' id='word_1_162' title='bbox 301 2252 333 2309; x_wconf 88' lang='lat' dir='ltr'><strong>et</strong></span> <span class='ocrx_word' id='word_1_163' title='bbox 351 2263 388 2308; x_wconf 86' lang='lat' dir='ltr'><strong>ex</strong></span> <span class='ocrx_word' id='word_1_164' title='bbox 411 2245 554 2324; x_wconf 89' lang='lat' dir='ltr'><strong>hisquae</strong></span> <span class='ocrx_word' id='word_1_165' title='bbox 577 2245 608 2309; x_wconf 92' lang='lat' dir='ltr'><strong>in</strong></span> <span class='ocrx_word' id='word_1_166' title='bbox 624 2262 748 2326; x_wconf 94' lang='lat' dir='ltr'><strong>quoque</strong></span> <span class='ocrx_word' id='word_1_167' title='bbox 771 2246 855 2325; x_wconf 90' lang='lat' dir='ltr'><strong>apud</strong></span> <span class='ocrx_word' id='word_1_168' title='bbox 871 2244 1042 2309; x_wconf 89' lang='lat' dir='ltr'><strong>Homerum</strong></span> <span class='ocrx_word' id='word_1_169' title='bbox 1067 2262 1160 2308; x_wconf 90' lang='lat' dir='ltr'><strong>versu</strong></span> <span class='ocrx_word' id='word_1_170' title='bbox 1176 2243 1296 2307; x_wconf 90' lang='lat' dir='ltr'><strong>intelle-</strong></span> 
     </span>
    </p>

    <p class='ocr_par' dir='ltr' id='par_1_3' title="bbox 28 2357 1296 2772">
     <span class='ocr_line' id='line_1_20' title="bbox 118 2357 547 2438; baseline 0 -18"><span class='ocrx_word' id='word_1_171' title='bbox 118 2358 222 2438; x_wconf 87' lang='lat' dir='ltr'><strong>genda</strong></span> <span class='ocrx_word' id='word_1_172' title='bbox 252 2363 367 2434; x_wconf 89' lang='lat' dir='ltr'><strong>essent,</strong></span> <span class='ocrx_word' id='word_1_173' title='bbox 390 2357 547 2422; x_wconf 87' lang='lat' dir='ltr'><strong>doceret.“</strong></span> 
     </span>
     <span class='ocr_line' id='line_1_21' title="bbox 28 2434 1296 2548; baseline -0.001 -18"><span class='ocrx_word' id='word_1_174' title='bbox 28 2460 29 2465; x_wconf 64' lang='grc'>’</span> <span class='ocrx_word' id='word_1_175' title='bbox 205 2467 376 2532; x_wconf 88' lang='lat' dir='ltr'><strong>descivisse</strong></span> <span class='ocrx_word' id='word_1_176' title='bbox 405 2473 511 2532; x_wconf 84' lang='lat' dir='ltr'><strong>autam</strong></span> <span class='ocrx_word' id='word_1_177' title='bbox 545 2467 584 2531; x_wconf 88' lang='lat' dir='ltr'><strong>ab</strong></span> <span class='ocrx_word' id='word_1_178' title='bbox 615 2467 769 2548; x_wconf 86' lang='lat' dir='ltr'><strong>magistro</strong></span> <span class='ocrx_word' id='word_1_179' title='bbox 800 2472 909 2541; x_wconf 88' lang='lat' dir='ltr'><strong>uotum</strong></span> <span class='ocrx_word' id='word_1_180' title='bbox 941 2434 994 2532; x_wconf 49' lang='lat' dir='ltr'><strong>&#39;At</strong></span> <span class='ocrx_word' id='word_1_181' title='bbox 1016 2465 1241 2548; x_wconf 89' lang='lat' dir='ltr'><strong>Apollodorum</strong></span> <span class='ocrx_word' id='word_1_182' title='bbox 1264 2465 1296 2529; x_wconf 93' lang='lat' dir='ltr'><strong>iu</strong></span> 
     </span>
     <span class='ocr_line' id='line_1_22' title="bbox 119 2576 1296 2660; baseline -0.003 -18"><span class='ocrx_word' id='word_1_183' title='bbox 119 2579 248 2658; x_wconf 89' lang='lat' dir='ltr'><strong>Homeri</strong></span> <span class='ocrx_word' id='word_1_184' title='bbox 271 2584 377 2643; x_wconf 84' lang='lat' dir='ltr'><strong>aetate</strong></span> <span class='ocrx_word' id='word_1_185' title='bbox 392 2579 604 2660; x_wconf 87' lang='lat' dir='ltr'><strong>computanda</strong></span> <span class='ocrx_word' id='word_1_186' title='bbox 621 2588 654 2641; x_wconf 90' lang='lat' dir='ltr'><strong>et</strong></span> <span class='ocrx_word' id='word_1_187' title='bbox 668 2576 708 2642; x_wconf 87' lang='lat' dir='ltr'><strong>ab</strong></span> <span class='ocrx_word' id='word_1_188' title='bbox 724 2577 937 2642; x_wconf 83' lang='lat' dir='ltr'><strong>Eratosthene</strong></span> <span class='ocrx_word' id='word_1_189' title='bbox 955 2579 1097 2643; x_wconf 85' lang='lat' dir='ltr'><strong>stetisse:</strong></span> <span class='ocrx_word' id='word_1_190' title='bbox 1120 2579 1160 2643; x_wconf 89' lang='lat' dir='ltr'><strong>de</strong></span> <span class='ocrx_word' id='word_1_191' title='bbox 1182 2596 1245 2660; x_wconf 89' lang='lat' dir='ltr'><strong>qua</strong></span> <span class='ocrx_word' id='word_1_192' title='bbox 1264 2596 1296 2639; x_wconf 86' lang='lat' dir='ltr'><strong>re</strong></span> 
     </span>
     <span class='ocr_line' id='line_1_23' title="bbox 120 2689 814 2772; baseline -0.001 -18"><span class='ocrx_word' id='word_1_193' title='bbox 120 2709 148 2754; x_wconf 77' lang='lat' dir='ltr'><strong>v,</strong></span> <span class='ocrx_word' id='word_1_194' title='bbox 171 2689 392 2772; x_wconf 78' lang='lat' dir='ltr'><strong>Sengehusch,</strong></span> <span class='ocrx_word' id='word_1_195' title='bbox 415 2690 445 2752; x_wconf 93' lang='lat' dir='ltr'><strong>h.</strong></span> <span class='ocrx_word' id='word_1_196' title='bbox 469 2691 544 2754; x_wconf 90' lang='lat' dir='ltr'><strong>diss.</strong></span> <span class='ocrx_word' id='word_1_197' title='bbox 568 2709 615 2770; x_wconf 92' lang='lat' dir='ltr'><strong>pr.</strong></span> <span class='ocrx_word' id='word_1_198' title='bbox 639 2709 669 2769; x_wconf 94' lang='lat' dir='ltr'><strong>p.</strong></span> <span class='ocrx_word' id='word_1_199' title='bbox 691 2690 741 2754; x_wconf 88' lang='lat'><strong>31.</strong></span> <span class='ocrx_word' id='word_1_200' title='bbox 764 2690 814 2755; x_wconf 84' lang='lat'><strong>43.</strong></span> 
     </span>
    </p>

    <p class='ocr_par' dir='ltr' id='par_1_4' title="bbox 121 2799 1296 3882">
     <span class='ocr_line' id='line_1_24' title="bbox 207 2799 1295 2882; baseline -0.003 -18"><span class='ocrx_word' id='word_1_201' title='bbox 207 2807 255 2866; x_wconf 89' lang='lat' dir='ltr'><strong>est</strong></span> <span class='ocrx_word' id='word_1_202' title='bbox 275 2800 382 2878; x_wconf 91' lang='lat' dir='ltr'><strong>etiam,</strong></span> <span class='ocrx_word' id='word_1_203' title='bbox 402 2818 464 2880; x_wconf 95' lang='lat' dir='ltr'><strong>quo</strong></span> <span class='ocrx_word' id='word_1_204' title='bbox 487 2801 587 2865; x_wconf 90' lang='lat' dir='ltr'><strong>nostri</strong></span> <span class='ocrx_word' id='word_1_205' title='bbox 609 2799 732 2864; x_wconf 86' lang='lat' dir='ltr'><strong>indoles</strong></span> <span class='ocrx_word' id='word_1_206' title='bbox 754 2821 774 2863; x_wconf 91' lang='lat' dir='ltr'><strong>a</strong></span> <span class='ocrx_word' id='word_1_207' title='bbox 795 2801 942 2881; x_wconf 84' lang='lat' dir='ltr'><strong>magistri</strong></span> <span class='ocrx_word' id='word_1_208' title='bbox 964 2799 1088 2882; x_wconf 87' lang='lat' dir='ltr'><strong>iugenio</strong></span> <span class='ocrx_word' id='word_1_209' title='bbox 1111 2799 1295 2877; x_wconf 89' lang='lat' dir='ltr'><strong>discrepuit.</strong></span> 
     </span>
     <span class='ocr_line' id='line_1_25' title="bbox 121 2908 1294 2991; baseline -0.002 -15"><span class='ocrx_word' id='word_1_210' title='bbox 121 2931 190 2977; x_wconf 90' lang='lat' dir='ltr'><strong>cum</strong></span> <span class='ocrx_word' id='word_1_211' title='bbox 215 2913 296 2976; x_wconf 90' lang='lat' dir='ltr'><strong>enim</strong></span> <span class='ocrx_word' id='word_1_212' title='bbox 318 2911 523 2976; x_wconf 90' lang='lat' dir='ltr'><strong>Aristarchus</strong></span> <span class='ocrx_word' id='word_1_213' title='bbox 545 2912 723 2991; x_wconf 83' lang='lat' dir='ltr'><strong>proximum</strong></span> <span class='ocrx_word' id='word_1_214' title='bbox 746 2917 779 2976; x_wconf 88' lang='lat' dir='ltr'><strong>et</strong></span> <span class='ocrx_word' id='word_1_215' title='bbox 802 2916 962 2990; x_wconf 89' lang='lat' dir='ltr'><strong>tamquam</strong></span> <span class='ocrx_word' id='word_1_216' title='bbox 987 2915 1061 2974; x_wconf 86' lang='lat' dir='ltr'><strong>ante</strong></span> <span class='ocrx_word' id='word_1_217' title='bbox 1083 2908 1188 2973; x_wconf 91' lang='lat' dir='ltr'><strong>oculos</strong></span> <span class='ocrx_word' id='word_1_218' title='bbox 1211 2912 1294 2989; x_wconf 89' lang='lat' dir='ltr'><strong>posi-</strong></span> 
     </span>
     <span class='ocr_line' id='line_1_26' title="bbox 121 3021 1295 3101; baseline -0.003 -14"><span class='ocrx_word' id='word_1_219' title='bbox 121 3031 188 3087; x_wconf 88' lang='lat' dir='ltr'><strong>tum</strong></span> <span class='ocrx_word' id='word_1_220' title='bbox 208 3022 337 3089; x_wconf 92' lang='lat' dir='ltr'><strong>Homeri</strong></span> <span class='ocrx_word' id='word_1_221' title='bbox 360 3040 487 3087; x_wconf 88' lang='lat' dir='ltr'><strong>sensum</strong></span> <span class='ocrx_word' id='word_1_222' title='bbox 510 3021 637 3101; x_wconf 88' lang='lat' dir='ltr'><strong>assequi</strong></span> <span class='ocrx_word' id='word_1_223' title='bbox 660 3022 738 3085; x_wconf 87' lang='lat' dir='ltr'><strong>satis</strong></span> <span class='ocrx_word' id='word_1_224' title='bbox 757 3021 890 3085; x_wconf 86' lang='lat' dir='ltr'><strong>haberet</strong></span> <span class='ocrx_word' id='word_1_225' title='bbox 911 3021 1034 3086; x_wconf 88' lang='lat' dir='ltr'><strong>altioris</strong></span> <span class='ocrx_word' id='word_1_226' title='bbox 1056 3021 1295 3100; x_wconf 87' lang='lat' dir='ltr'><strong>interpretatio-</strong></span> 
     </span>
     <span class='ocr_line' id='line_1_27' title="bbox 123 3131 1296 3214; baseline -0.002 -18"><span class='ocrx_word' id='word_1_227' title='bbox 123 3135 171 3198; x_wconf 92' lang='lat' dir='ltr'><strong>nis</strong></span> <span class='ocrx_word' id='word_1_228' title='bbox 194 3134 370 3198; x_wconf 89' lang='lat' dir='ltr'><strong>iucuriosus</strong></span> <span class='ocrx_word' id='word_1_229' title='bbox 382 3135 423 3214; x_wconf 78' lang='lat'><strong>2),</strong></span> <span class='ocrx_word' id='word_1_230' title='bbox 445 3133 657 3214; x_wconf 87' lang='lat' dir='ltr'><strong>Apollodorus</strong></span> <span class='ocrx_word' id='word_1_231' title='bbox 673 3132 848 3197; x_wconf 84' lang='lat' dir='ltr'><strong>Stoicorum</strong></span> <span class='ocrx_word' id='word_1_232' title='bbox 864 3151 960 3212; x_wconf 89' lang='lat' dir='ltr'><strong>more,</strong></span> <span class='ocrx_word' id='word_1_233' title='bbox 983 3131 1099 3213; x_wconf 93' lang='lat' dir='ltr'><strong>quippe</strong></span> <span class='ocrx_word' id='word_1_234' title='bbox 1115 3131 1182 3211; x_wconf 88' lang='lat' dir='ltr'><strong>ipse</strong></span> <span class='ocrx_word' id='word_1_235' title='bbox 1198 3131 1296 3195; x_wconf 86' lang='lat' dir='ltr'><strong>Stoici</strong></span> 
     </span>
     <span class='ocr_line' id='line_1_28' title="bbox 121 3241 1295 3326; baseline -0.001 -18"><span class='ocrx_word' id='word_1_236' title='bbox 121 3243 301 3325; x_wconf 89' lang='lat' dir='ltr'><strong>philosophi</strong></span> <span class='ocrx_word' id='word_1_237' title='bbox 325 3245 508 3326; x_wconf 86' lang='lat' dir='ltr'><strong>discipulus,</strong></span> <span class='ocrx_word' id='word_1_238' title='bbox 531 3245 571 3308; x_wconf 84' lang='lat' dir='ltr'><strong>ed</strong></span> <span class='ocrx_word' id='word_1_239' title='bbox 596 3244 838 3309; x_wconf 90' lang='lat' dir='ltr'><strong>reconditiorem</strong></span> <span class='ocrx_word' id='word_1_240' title='bbox 860 3263 897 3308; x_wconf 93' lang='lat' dir='ltr'><strong>ac</strong></span> <span class='ocrx_word' id='word_1_241' title='bbox 920 3244 1021 3325; x_wconf 88' lang='lat' dir='ltr'><strong>magis</strong></span> <span class='ocrx_word' id='word_1_242' title='bbox 1043 3241 1295 3324; x_wconf 85' lang='lat' dir='ltr'><strong>philosophicum</strong></span> 
     </span>
     <span class='ocr_line' id='line_1_29' title="bbox 122 3355 1295 3437; baseline 0.001 -18"><span class='ocrx_word' id='word_1_243' title='bbox 122 3374 248 3420; x_wconf 91' lang='lat' dir='ltr'><strong>sensum</strong></span> <span class='ocrx_word' id='word_1_244' title='bbox 272 3355 451 3436; x_wconf 89' lang='lat' dir='ltr'><strong>mythorum</strong></span> <span class='ocrx_word' id='word_1_245' title='bbox 474 3357 644 3421; x_wconf 88' lang='lat' dir='ltr'><strong>ascendere</strong></span> <span class='ocrx_word' id='word_1_246' title='bbox 666 3355 832 3432; x_wconf 90' lang='lat' dir='ltr'><strong>studebat,</strong></span> <span class='ocrx_word' id='word_1_247' title='bbox 863 3375 925 3437; x_wconf 88' lang='lat' dir='ltr'><strong>qua</strong></span> <span class='ocrx_word' id='word_1_248' title='bbox 954 3355 986 3419; x_wconf 93' lang='lat' dir='ltr'><strong>iu</strong></span> <span class='ocrx_word' id='word_1_249' title='bbox 1016 3373 1049 3418; x_wconf 92' lang='lat' dir='ltr'><strong>re</strong></span> <span class='ocrx_word' id='word_1_250' title='bbox 1072 3355 1219 3419; x_wconf 94' lang='lat' dir='ltr'><strong>nimirum</strong></span> <span class='ocrx_word' id='word_1_251' title='bbox 1243 3356 1295 3420; x_wconf 89' lang='lat' dir='ltr'><strong>ille</strong></span> 
     </span>
     <span class='ocr_line' id='line_1_30' title="bbox 122 3465 1295 3549; baseline -0.001 -19"><span class='ocrx_word' id='word_1_252' title='bbox 122 3466 204 3531; x_wconf 88' lang='lat' dir='ltr'><strong>sicut</strong></span> <span class='ocrx_word' id='word_1_253' title='bbox 227 3472 368 3530; x_wconf 87' lang='lat' dir='ltr'><strong>veterum</strong></span> <span class='ocrx_word' id='word_1_254' title='bbox 390 3467 532 3547; x_wconf 88' lang='lat' dir='ltr'><strong>plerique</strong></span> <span class='ocrx_word' id='word_1_255' title='bbox 563 3467 785 3549; x_wconf 84' lang='lat' dir='ltr'><strong>etymologiam</strong></span> <span class='ocrx_word' id='word_1_256' title='bbox 817 3465 983 3532; x_wconf 90' lang='lat' dir='ltr'><strong>verborum</strong></span> <span class='ocrx_word' id='word_1_257' title='bbox 1007 3484 1101 3547; x_wconf 90' lang='lat' dir='ltr'><strong>quam</strong></span> <span class='ocrx_word' id='word_1_258' title='bbox 1124 3467 1295 3548; x_wconf 87' lang='lat' dir='ltr'><strong>amplecte-</strong></span> 
     </span>
     <span class='ocr_line' id='line_1_31' title="bbox 123 3576 1294 3659; baseline 0.001 -20"><span class='ocrx_word' id='word_1_259' title='bbox 123 3576 239 3641; x_wconf 85' lang='lat' dir='ltr'><strong>bantur</strong></span> <span class='ocrx_word' id='word_1_260' title='bbox 262 3577 340 3642; x_wconf 90' lang='lat' dir='ltr'><strong>satis</strong></span> <span class='ocrx_word' id='word_1_261' title='bbox 370 3578 543 3643; x_wconf 83' lang='lat' dir='ltr'><strong>exercebat.</strong></span> <span class='ocrx_word' id='word_1_262' title='bbox 568 3597 595 3642; x_wconf 84' lang='lat' dir='ltr'><strong>u.</strong></span> <span class='ocrx_word' id='word_1_263' title='bbox 620 3577 1015 3659; x_wconf 74' lang='lat' dir='ltr'><strong>fleynium,npollod.12</strong></span> <span class='ocrx_word' id='word_1_264' title='bbox 1041 3597 1071 3659; x_wconf 95' lang='lat' dir='ltr'><strong>p.</strong></span> <span class='ocrx_word' id='word_1_265' title='bbox 1094 3579 1166 3643; x_wconf 89' lang='grc'><strong>387.</strong></span> <span class='ocrx_word' id='word_1_266' title='bbox 1191 3617 1230 3624; x_wconf 92' lang='lat'><strong>-—</strong></span> <span class='ocrx_word' id='word_1_267' title='bbox 1255 3580 1294 3640; x_wconf 91' lang='lat' dir='ltr'><strong>de</strong></span> 
     </span>
     <span class='ocr_line' id='line_1_32' title="bbox 123 3686 1295 3771; baseline 0 -21"><span class='ocrx_word' id='word_1_268' title='bbox 123 3687 240 3752; x_wconf 87' lang='lat' dir='ltr'><strong>studiis</strong></span> <span class='ocrx_word' id='word_1_269' title='bbox 263 3687 330 3751; x_wconf 90' lang='lat' dir='ltr'><strong>eius</strong></span> <span class='ocrx_word' id='word_1_270' title='bbox 353 3686 521 3755; x_wconf 90' lang='lat' dir='ltr'><strong>homericis</strong></span> <span class='ocrx_word' id='word_1_271' title='bbox 547 3688 669 3754; x_wconf 84' lang='lat' dir='ltr'><strong>criticis</strong></span> <span class='ocrx_word' id='word_1_272' title='bbox 682 3695 715 3752; x_wconf 91' lang='lat' dir='ltr'><strong>et</strong></span> <span class='ocrx_word' id='word_1_273' title='bbox 729 3689 946 3771; x_wconf 84' lang='lat' dir='ltr'><strong>grammaticis</strong></span> <span class='ocrx_word' id='word_1_274' title='bbox 969 3691 1047 3754; x_wconf 88' lang='lat' dir='ltr'><strong>satis</strong></span> <span class='ocrx_word' id='word_1_275' title='bbox 1069 3691 1146 3754; x_wconf 90' lang='lat' dir='ltr'><strong>mihi</strong></span> <span class='ocrx_word' id='word_1_276' title='bbox 1169 3690 1295 3753; x_wconf 85' lang='lat' dir='ltr'><strong>uidetur</strong></span> 
     </span>
     <span class='ocr_line' id='line_1_33' title="bbox 124 3783 1294 3882; baseline 0.002 -22"><span class='ocrx_word' id='word_1_277' title='bbox 124 3798 265 3880; x_wconf 90' lang='lat' dir='ltr'><strong>relegare</strong></span> <span class='ocrx_word' id='word_1_278' title='bbox 281 3799 323 3862; x_wconf 88' lang='lat' dir='ltr'><strong>ad</strong></span> <span class='ocrx_word' id='word_1_279' title='bbox 338 3817 376 3864; x_wconf 88' lang='lat' dir='ltr'><strong>ea</strong></span> <span class='ocrx_word' id='word_1_280' title='bbox 391 3818 472 3880; x_wconf 90' lang='lat' dir='ltr'><strong>quae</strong></span> <span class='ocrx_word' id='word_1_281' title='bbox 495 3801 534 3863; x_wconf 84' lang='lat' dir='ltr'><strong>de</strong></span> <span class='ocrx_word' id='word_1_282' title='bbox 557 3801 602 3865; x_wconf 91' lang='lat' dir='ltr'><strong>eis</strong></span> <span class='ocrx_word' id='word_1_283' title='bbox 625 3801 775 3865; x_wconf 85' lang='lat' dir='ltr'><strong>disseruit</strong></span> <span class='ocrx_word' id='word_1_284' title='bbox 797 3801 845 3863; x_wconf 88' lang='lat' dir='ltr'><strong>La</strong></span> <span class='ocrx_word' id='word_1_285' title='bbox 862 3800 977 3880; x_wconf 88' lang='lat' dir='ltr'><strong>Roche,</strong></span> <span class='ocrx_word' id='word_1_286' title='bbox 1002 3801 1040 3865; x_wconf 91' lang='lat' dir='ltr'><strong>H.</strong></span> <span class='ocrx_word' id='word_1_287' title='bbox 1056 3803 1090 3864; x_wconf 88' lang='lat' dir='ltr'><strong>T.</strong></span> <span class='ocrx_word' id='word_1_288' title='bbox 1114 3821 1144 3882; x_wconf 95' lang='lat' dir='ltr'><strong>p.</strong></span> <span class='ocrx_word' id='word_1_289' title='bbox 1160 3801 1200 3865; x_wconf 88' lang='grc'><strong>73</strong></span> <span class='ocrx_word' id='word_1_290' title='bbox 1213 3783 1294 3863; x_wconf 70' lang='lat' dir='ltr'><strong>-lh,</strong></span> 
     </span>
    </p>
   </div>
   <div class='ocr_carea' id='block_1_3' title="bbox 124 4004 327 4014">
    <p class='ocr_par' dir='ltr' id='par_1_5' title="bbox 124 4004 327 4014">
     <span class='ocr_line' id='line_1_34' title="bbox 124 4004 327 4014; baseline 0.01 -2"><span class='ocrx_word' id='word_1_291' title='bbox 124 4004 327 4014; x_wconf 74' lang='grc'><strong>--...-..</strong></span> 
     </span>
    </p>
   </div>
   <div class='ocr_carea' id='block_1_4' title="bbox 212 4126 615 4207">
    <p class='ocr_par' dir='ltr' id='par_1_6' title="bbox 212 4126 615 4207">
     <span class='ocr_line' id='line_1_35' title="bbox 212 4126 615 4207; baseline 0.002 -22"><span class='ocrx_word' id='word_1_292' title='bbox 212 4127 241 4205; x_wconf 86' lang='grc'><strong>1)</strong></span> <span class='ocrx_word' id='word_1_293' title='bbox 263 4126 435 4199; x_wconf 84' lang='lat' dir='ltr'><strong>Sehimberg</strong></span> <span class='ocrx_word' id='word_1_294' title='bbox 457 4147 484 4203; x_wconf 92' lang='lat' dir='ltr'><strong>p.</strong></span> <span class='ocrx_word' id='word_1_295' title='bbox 509 4132 526 4184; x_wconf 88' lang='grc'>9</span> <span class='ocrx_word' id='word_1_296' title='bbox 550 4148 615 4207; x_wconf 91' lang='lat' dir='ltr'><strong>sqq.</strong></span> 
     </span>
    </p>
   </div>
   <div class='ocr_carea' id='block_1_5' title="bbox 124 4227 1296 4412">
    <p class='ocr_par' dir='ltr' id='par_1_7' title="bbox 124 4227 1296 4412">
     <span class='ocr_line' id='line_1_36' title="bbox 212 4227 1296 4308; baseline 0.005 -22"><span class='ocrx_word' id='word_1_297' title='bbox 212 4231 242 4304; x_wconf 80' lang='lat'><strong>2)</strong></span> <span class='ocrx_word' id='word_1_298' title='bbox 273 4229 309 4290; x_wconf 86' lang='lat' dir='ltr'><strong>ef.</strong></span> <span class='ocrx_word' id='word_1_299' title='bbox 338 4227 427 4286; x_wconf 88' lang='lat' dir='ltr'><strong>Wolf.</strong></span> <span class='ocrx_word' id='word_1_300' title='bbox 457 4230 546 4288; x_wconf 87' lang='lat' dir='ltr'><strong>Proll.</strong></span> <span class='ocrx_word' id='word_1_301' title='bbox 577 4250 605 4306; x_wconf 92' lang='lat' dir='ltr'><strong>p.</strong></span> <span class='ocrx_word' id='word_1_302' title='bbox 643 4237 709 4290; x_wconf 88' lang='lat'><strong>165.</strong></span> <span class='ocrx_word' id='word_1_303' title='bbox 746 4232 847 4291; x_wconf 89' lang='lat' dir='ltr'><strong>Lehrs.</strong></span> <span class='ocrx_word' id='word_1_304' title='bbox 880 4238 931 4292; x_wconf 90' lang='lat' dir='ltr'><strong>Ar.</strong></span> <span class='ocrx_word' id='word_1_305' title='bbox 970 4252 998 4308; x_wconf 92' lang='lat' dir='ltr'><strong>p.</strong></span> <span class='ocrx_word' id='word_1_306' title='bbox 1032 4237 1100 4289; x_wconf 85' lang='lat'><strong>166.</strong></span> <span class='ocrx_word' id='word_1_307' title='bbox 1139 4232 1296 4292; x_wconf 82' lang='lat' dir='ltr'><strong>Steiuthal.</strong></span> 
     </span>
     <span class='ocr_line' id='line_1_37' title="bbox 124 4330 535 4412; baseline 0 -22"><span class='ocrx_word' id='word_1_308' title='bbox 124 4330 313 4410; x_wconf 78' lang='lat' dir='ltr'><strong>Spraehwiss.</strong></span> <span class='ocrx_word' id='word_1_309' title='bbox 335 4350 363 4406; x_wconf 94' lang='lat' dir='ltr'><strong>p.</strong></span> <span class='ocrx_word' id='word_1_310' title='bbox 387 4335 447 4389; x_wconf 83' lang='lat'><strong>485</strong></span> <span class='ocrx_word' id='word_1_311' title='bbox 471 4352 535 4412; x_wconf 87' lang='lat' dir='ltr'><strong>sqq.</strong></span> 
     </span>
    </p>
   </div>
   <div class='ocr_carea' id='block_1_6' title="bbox 0 0 1442 4928">
    <p class='ocr_par' dir='ltr' id='par_1_8' title="bbox 0 0 1442 4928">
     <span class='ocr_line' id='line_1_38' title="bbox 0 0 1442 4928; baseline 0 0"><span class='ocrx_word' id='word_1_312' title='bbox 0 0 1442 4928; x_wconf 95' lang='lat' dir='ltr'><strong> </strong></span> 
     </span>
    </p>
   </div>
  </div>
 </body>
</html>
