2866 4928
600 170 811 234 ,4-

115 364 203 430 σοφα
227 338 294 407 aci.
310 342 364 407 ubi
381 342 605 407 Eratosthenis
622 340 802 422 dineipulos
826 360 883 405 non
907 339 1085 405 Aristarchi
1109 357 1294 405 commemo-

114 454 178 520 rari
209 457 329 520 certum
353 454 480 517 videtur
501 469 579 517 esse.
624 450 662 515 cf.
684 450 881 534 Bemhardyi
911 451 1017 515 adnot.
1063 451 1231 515 Baehrium
1263 453 1293 516 in

114 565 227 647 Paulyi
250 565 316 630 ER.
339 582 365 629 s.
382 582 409 628 v.
433 564 607 629 Menander
631 561 695 645 12).
718 599 760 606 -
782 561 960 627 Aristarchi
982 562 1124 644 aequaIIs
1145 561 1217 641 fult,
1239 564 1294 626 sed

5 713 9 726 ·
113 676 290 758 discipulus
310 675 409 740 fuisse
431 675 517 738 nullo
543 674 721 739 testimonio
746 673 894 753 proditur
916 673 1148 738 Demetrius
1172 672 1295 754 Scep·

114 787 221 866 sius,
245 805 338 868 quem
360 786 543 866 nescioquo
564 805 599 849 re
623 783 699 850 moti
716 783 789 847 huic
805 785 895 864 gregi
918 783 1119 848 Inseruerunt
1134 791 1205 865 post
1223 784 1259 848 G.
1270 785 1295 849 Ι.

114 898 304 978 Vossium1)
327 896 502 974 Fabricius
527 895 659 973 Schoell,
676 893 887 973 Graefenhan,
907 894 1113 959 disertissime
1134 896 1296 977 Wegener,

113 1008 162 1072 Do
178 1008 262 1073 Aula
276 1007 418 1071 Attalica
439 1025 470 1088 p.
496 1003 556 1070 159
570 1010 610 1085 ²).
655 1007 713 1070 sed
734 1025 763 1070 u.
781 1004 948 1070 Stiehlium
972 1007 1002 1070 in
1027 1005 1138 1071 Philol.
1163 1007 1199 1086 V,
1222 1007 1295 1088 528,

115 1118 377 1198 Schimbergium
399 1117 555 1181 Analecta
569 1116 776 1181 ArIstarchea
798 1136 829 1197 p.
844 1117 896 1180 22.
935 1135 972 1181 ae
996 1135 1043 1180 me
1058 1116 1196 1198 quidem,
1218 1136 1295 1198 quo·

116 1230 217 1294 minus
229 1228 425 1294 Demetrium
438 1227 650 1291 AristarcheIs
662 1229 876 1307 adnumerem,
904 1227 1000 1292 etiam
1023 1228 1296 1311 dleertomprohi-

117 1341 170 1404 bet
193 1338 359 1404 Strabonis
381 1338 554 1415 silendum,
576 1338 629 1419 qui
652 1323 731 1403 illud
754 1357 814 1403 non
839 1338 983 1403 futurum
1012 1337 1109 1405 fuisse
1143 1347 1179 1405 ut
1201 1341 1294 1406 relio-

116 1458 228 1532 queret
244 1451 505 1528 immemoratum‚
528 1448 582 1513 nbi
594 1450 634 1513 de
652 1468 688 1513 eo
702 1449 852 1530 loquitur,
875 1449 952 1515 XIII
966 1470 997 1531 p.
1014 1451 1086 1532 609,
1109 1471 1295 1532 persuasum

115 1562 260 1627 habeam.
273 1598 314 1606 -
326 1561 404 1625 falso
417 1561 530 1625 deinde
543 1559 603 1623 huc
616 1560 808 1625 rettulerunt
827 1560 1106 1626 Ptolemaeum
1126 1563 1251 1644 Epith
1261 1584 1297 1627 e-

116 1673 240 1760 ttam³)
264 1671 438 1751 Fabricius
461 1670 662 1736 Graefenhan
685 1673 710 1753 Ι,
733 1673 805 1749 391,
828 1671 933 1736 Baehr
956 1673 988 1736 in
1005 1670 1117 1755 Paulyi
1133 1673 1197 1738 ER.
1219 1693 1244 1739 s.
1267 1695 1296 1740 v.

117 1784 318 1849 Ptolemaeus
335 1781 401 1864 56).
435 1782 552 1846 lectum
575 1782 657 1846 enim
680 1783 754 1847 olim
778 1783 864 1864 apud
877 1783 1007 1847 Suidam
1020 1801 1044 1847 s
1057 1782 1087 1846 h.
1103 1803 1145 1849 n:
1168 1785 1296 1849 Πτολε-

118 1897 235 1978 μαῖος,
265 1888 504 1980 γραμματικός,
544 1888 561 1957 ὁ
587 1886 760 1978 'Barbarae
797 1889 946 1978 κληθείς,
989 1890 1073 1958 διότι
1106 1895 1220 1961 εἵπετο
1249 1899 1297 1985 τῷ

113 2001 330 2092 Ἀριστάρχῳ.
379 2006 463 2088 quod
493 2004 607 2069 εἵπετο
640 2024 710 2070 cum
740 2005 906 2070 Fabricius
939 2007 986 2071 ita
1015 2008 1203 2073 concinnare
1226 2027 1296 2074 cum

120 2109 329 2204 ὁἘπιθέτης
354 2118 415 2183 sibi
438 2117 525 2182 visus
547 2123 646 2197 esset,
679 2121 716 2180 ut
745 2116 805 2181 hoe
837 2136 894 2197 pro
926 2118 1105 2184 ‘asciticius'
1139 2122 1298 2200 venderet,

119 2234 204 2294 recte
233 2230 316 2295 vidit
336 2229 485 2308 vitraico,
517 2227 640 2308 Proleg.
671 2227 707 2292 Il.
737 2227 835 2308 XXX,
866 2223 1009 2292 ἐπέθετο
1041 2231 1294 2313 rescribendum3

120 2342 177 2405 sed
200 2342 297 2406 ceteri
322 2340 480 2404 Incuriosa
502 2334 565 2401 fide
587 2336 769 2401 Fabricium
792 2339 893 2403 secuti
916 2348 999 2404 sunt.
1043 2361 1072 2406 u.
1088 2341 1294 2422 Beccardum

120 2450 168 2515 De
198 2451 326 2516 scholiis
358 2451 390 2515 in
412 2449 542 2514 Homeri
564 2447 697 2512 Iliadem
721 2449 853 2514 Venetis
877 2449 944 2532 (A),
966 2469 997 2532 p.
1021 2453 1062 2515 69
1094 2470 1161 2535 sqq.
1185 2492 1224 2500 -
1249 2463 1305 2518 ata

120 2550 181 2642 que
210 2567 342 2644 propter
371 2562 504 2627 eundem
536 2559 653 2624 Suidae
687 2560 788 2625 locum
819 2560 1073 2628 Hellanicus
1102 2584 1122 2628 a
1150 2565 1297 2632 FabricIo

120 2674 248 2739 videtur
263 2674 383 2738 ascitus
399 2690 480 2751 esse3
504 2670 558 2736 ille
571 2671 652 2735 enim
669 2671 709 2734 de
722 2670 903 2736 Ptolemaeo
919 2673 1074 2753 Epitheta
1089 2694 1159 2741 cum
1176 2679 1296 2760 pergit:

122 2778 283 2868 διηκηκόει
306 2781 342 2847 δὲ
366 2776 551 2845 Ἑλλανίκου
572 2783 629 2845 τοῦ
649 2784 884 2866 γραμματικοῦ.
907 2820 946 2828 -
972 2785 1105 2866 denique
1130 2789 1233 2853 nescio
1257 2810 1295 2853 an

121 2894 195 2958 hinc
226 2895 435 2960 removendus
466 2893 510 2958 sit
540 2892 821 2958 DIcaearchus
852 2895 1226 2978 Lacedaemonius;
1257 2902 1297 2964 de
1374 2943 1377 2948 ·

123 3023 184 3086 quo
217 3024 407 3087 quamquam
437 3009 557 3071 certum
582 3002 698 3067 Snidae
729 3005 943 3070 testimonium
979 3007 1052 3074 hoc:
1087 3006 1296 3094 Δικαίαρχος,

125 3111 406 3200 Acadama-09,
430 3108 669 3201 γραμματικός,
693 3105 854 3202 ἀκροατὴς
872 3109 1102 3203 Ἀριστάρχου,
1127 3121 1205 3185 mibi
1228 3125 1298 3203 qui·

126 3227 198 3291 dem
221 3246 298 3292 vera
320 3227 389 3291 ulsa
411 3234 461 3292 est
483 3226 641 3291 sententia
663 3245 780 3308 eorum,
813 3228 867 3307 qui
890 3227 983 3292 istius
1005 3231 1204 3309 grammatici
1228 3236 1300 3298 Ari-

126 3336 266 3402 starchei
299 3339 490 3402 mentionem
522 3337 644 3408 nonnisi
667 3339 766 3403 errori
790 3338 907 3418 deberi,
941 3345 1037 3420 atque
1060 3359 1141 3422 quae
1163 3345 1301 3425 paucula

126 3450 167 3514 ad
200 3467 271 3515 cum
301 3454 430 3530 possent
455 3448 581 3528 referri,
611 3447 819 3514 celeberrimi
838 3466 906 3512 esse
938 3449 1123 3518 Dicaearchi
1152 3455 1301 3521 Messenii

135 3781 137 3784 .
217 3707 249 3787 l)
270 3709 410 3768 dormitat
437 3728 464 3766 v.
495 3708 531 3781 d.‚
560 3709 604 3766 De
633 3708 738 3767 histor.
770 3708 818 3766 Gr.
850 3728 878 3783 p.
915 3709 972 3766 179
1007 3711 1050 3769 ed.
1083 3711 1237 3772 Westerm.
1260 3715 1303 3772 ita

128 3812 261 3871 locutus:
295 3809 476 3887 „discipulus
498 3811 524 3868 is
547 3810 673 3869 Cratetis
697 3815 727 3868 et
752 3810 918 3869 Aristarchi
941 3811 1015 3883 fuit,
1048 3818 1080 3871 ut
1102 3815 1207 3874 Strabo
1231 3817 1303 3874 dicit

129 3913 211 3971 XIII
233 3935 261 3990 p.
286 3919 356 3987 609,
383 3913 461 3972 unde
485 3913 520 3970 de
551 3917 648 3970 aetate
669 3911 793 3991 quuet“.
817 3924 859 3956 -'
882 3915 1009 3973 Cratetis
1031 3917 1104 3975 facit
1126 3937 1192 3975 eum
1216 3918 1303 3977 disci-

130 4014 232 4092 pulnm
255 4016 284 4074 (l.
308 4015 417 4074 Miiller
438 4015 529 4074 FHG.
553 4015 604 4087 IV,
629 4019 698 4073 382.

217 4118 249 4197 9)
272 4118 342 4176 hnic
373 4137 460 4197 quem
488 4119 602 4176 fontem
635 4118 768 4176 obtrudit
801 4121 835 4178 R.
869 4119 982 4192 (laede,
1016 4121 1159 4181 Demetrii
1190 4123 1303 4200 Scepsii

134 4237 209 4299 quae
232 4228 399 4296 supersunt,
421 4241 449 4298 p.
473 4226 491 4277 4
516 4241 544 4278 n.
570 4226 597 4292 5,
621 4219 699 4278 unde
722 4222 804 4292 sciat,
827 4221 899 4280 mihi
922 4222 1057 4296 ignotum
1080 4229 1134 4283 est.

219 4322 250 4402 3)
274 4343 297 4382 c.
320 4342 346 4382 a.
373 4323 431 4382 170
455 4342 480 4381 a.
503 4325 571 4382 Chr.
596 4343 661 4383 eum
684 4325 803 4400 reponit
825 4325 944 4383 (ilinton
969 4325 999 4382 F.
1024 4327 1062 4383 H.
1085 4326 1143 4396 ΠΙ,
1170 4331 1240 4387 510.
