2866 4928
612 183 824 249 ..34-

133 354 333 436 grammatici
356 352 480 433 (Lehrs.
508 352 597 432 1.1.),
628 371 727 433 usque
755 370 880 434 quaque
909 352 1016 418 valere
1045 358 1153 418 noster
1180 354 1315 420 videtur

132 465 284 543 voluisse,
316 466 398 546 quod
430 469 463 530 et
485 464 587 545 ipsum
611 464 642 529 in
665 463 730 528 tale
752 464 916 545 analogiae
939 465 1078 530 studium
1102 464 1195 545 quale
1216 466 1250 529 in
1274 484 1314 530 eo

131 576 335 658 cognovimus
350 577 470 658 optime
492 575 653 639 convenit:
677 577 732 639 sed
747 574 949 641 Herodianus
970 594 1031 640 non
1052 576 1146 642 item:
1167 597 1197 642 v.
1210 578 1313 644 schol.

130 690 159 751 E
179 689 228 765 76,
251 686 289 752 cf.
312 686 500 752 1666666.
524 686 584 750 331
609 704 687 768 sqq„
710 692 742 752 et
764 686 938 751 Herodiani
961 705 1038 752 sorr.
1061 692 1103 752 tr.
1125 689 1166 752 66
1191 689 1221 753 6.
1246 689 1267 754 1.
1282 692 1313 770 1)

131 799 350 864 Aristarchum
379 799 523 878 sequitur
550 798 581 862 in
606 790 739 883 ἀὲκήλια
761 803 794 864 et
815 798 981 864 scribendo
1004 807 1036 864 et
1057 800 1313 882 interpretando,

131 915 160 974 Σ
173 910 230 990 ll;
253 910 310 975 sed
325 914 433 974 contra
449 927 645 974 communem
660 909 830 990 paradosin
852 901 964 974 666666
978 911 1121 990 postulat
1143 909 1176 982 Ξ
1193 913 1259 978 340
1288 912 1312 997 ).

129 1021 347 1087 Herodianum
370 1020 468 1086 habet
490 1019 689 1085 laudatorem
711 1021 745 1085 in
767 1012 907 1106 apodiat
922 1021 1066 1087 vocabuli
1087 1022 1191 1087 altera
1212 1030 1311 1105 parte

129 1152 199 1198 cum
230 1133 293 1198 leni
322 1130 529 1214 proferenda,
557 1136 588 1194 d>
608 1133 680 1197 262.
703 1168 746 1178 -
768 1133 830 1196 666
863 1137 938 1198 sunt
968 1134 1007 1198 de
1030 1134 1184 1198 vocalium
1208 1154 1312 1217 quan-

126 1245 223 1309 titate
237 1243 315 1308 loci:
338 1241 434 1308 schol.
458 1246 489 1305 Β
505 1242 567 1309 662
582 1247 615 1307 et
638 1246 677 1305 Π
687 1243 727 1307 41
752 1241 788 1336 (t
800 1244 910 1324 2211),
931 1245 1019 1325 prior
1033 1263 1104 1310 curn
1119 1245 1311 1313 Aristarcho

127 1354 367 1435 consentientia,
389 1353 474 1418 alter
497 1353 714 1419 dissentientis
736 1354 776 1420 66
800 1372 853 1434 66;
877 1356 918 1419 66
940 1356 1006 1421 666.
1029 1360 1068 1419 Π
1085 1358 1124 1422 41
1149 1376 1178 1422 v.
1203 1357 1312 1424 Stein-

128 1466 205 1531 thal.
227 1466 299 1531 477.

212 1577 348 1659 denique
370 1576 455 1643 locos
478 1577 635 1642 ascribam
658 1577 713 1657 qui
735 1578 778 1642 66
799 1577 922 1642 variam
944 1578 1110 1644 lectionem
1140 1584 1172 1643 et
1193 1582 1237 1645 ad
1259 1581 1312 1646 in-

126 1691 334 1772 terpretanda
356 1688 463 1770 verba,
486 1688 537 1753 vel
560 1689 602 1752 66
624 1705 749 1754 666666
765 1688 993 1754 illustrandum
1007 1691 1177 1772 pertinent
1209 1698 1312 1774 atque

126 1822 145 1866 a
169 1801 291 1866 tradita
313 1801 473 1881 scriptura
496 1800 597 1865 tribus
622 1804 746 1864 tantum
762 1799 964 1867 Ptolemaeus
986 1801 1064 1868 locis
1087 1803 1229 1868 traditur
1252 1805 1312 1870 de·

124 1913 267 1980 scivisse:
292 1916 322 1975 Β
344 1911 406 1977 256
428 1907 590 1995 κιχείομαι
613 1912 709 1992 legit,
745 1918 776 1975 T
793 1912 858 1976 384
878 1931 1010 1993 pravam
1038 1915 1182 1994 sequitur
1203 1917 1310 1998 scrip·

125 2033 229 2091 turam
253 2013 289 2090 οἷ
308 2016 463 2108 666661),
494 2026 524 2087 Ε
542 2023 607 2088 550
628 2015 689 2087 εὖτ’
713 2015 753 2088 ἂν
774 2043 832 2104 pro
855 2019 908 2087 ὅτε
930 2045 965 2088 aa
987 2029 1127 2089 testatur
1149 2025 1310 2108 scriptum

124 2136 234 2218 (schol.
248 2136 330 2220 LV).
342 2173 384 2182 -
396 2136 429 2199 in
444 2134 577 2216 singulis
591 2135 752 2200 vocabulis
767 2134 964 2217 explicandis
976 2135 1154 2202 Aristarchi
1170 2139 1312 2220 vestigia

124 2248 343 2314 Ptolemaeum
365 2246 511 2313 videmus
532 2255 728 2326 prementem
754 2249 787 2309 A
809 2246 881 2328 235,
903 2246 958 2311 661
979 2244 1117 2330 ψευδέσι
1139 2267 1158 2313 6
1181 2245 1310 2337 ψευδής

126 2360 263 2426 derivari
285 2358 415 2441 vult4);
445 2363 476 2421 Z
503 2357 568 2424 260
589 2358 622 2422 16
643 2349 812 2439 ababa
834 2356 887 2441 (61.
910 2357 1049 2423 Ariston.
1073 2359 1113 2422 ad
1136 2359 1166 2440 2,
1188 2359 1305 2425 Fried-

124 2472 264 2538 laender.
287 2472 427 2535 Ariston.
443 2468 477 2552 8)
501 2468 573 2534 aliis
596 2463 794 2555 οοααλοιφήν
815 2469 1045 2550 accipientibus
1067 2489 1085 2534 6
1106 2467 1163 2533 καὶ
1186 2461 1305 2553 αὖτός;

126 2588 156 2647 Β
177 2582 240 2649 461
265 2579 375 2664 (66661.
398 2581 434 2660 Β,
458 2579 628 2663 6166616.)
647 2573 762 2645 >Ασία.
786 2587 826 2647 Λ
839 2582 901 2648 503
926 2582 1013 2645 νεῶν.
1042 2586 1072 2644 ut
1093 2582 1157 2646 323
1179 2587 1306 2666 τυμβο-

123 2687 215 2782 χοῆσ’
255 2693 382 2776 (Grates
418 2687 623 2777 τυμβοχόης).
659 2693 703 2757 Μ.
735 2691 785 2759 55.
815 2691 857 2758 56
893 2688 1035 2758 ἕστασαν
1064 2729 1106 2738 -
1144 2687 1304 2774 &brunum

124 2807 324 2873 aberrantem
347 2822 422 2870 vero
445 2823 464 2868 a
487 2804 640 2885 magistro
662 2805 695 2868 A
709 2804 772 2869 212
795 2795 924 2868 avatdo’
948 2802 999 2882 (61.
1023 2803 1191 2869 Steinthal.
1213 2804 1303 2887 481).

127 2918 240 2983 (6328
269 2913 338 3001 χεὶρ
368 2913 421 2998 (61.
455 2914 591 2980 Ariston.
623 2914 732 2998 661).
773 2914 792 2979 6
823 2916 885 2980 221
917 2912 1079 3001 inclitos
1110 2914 1305 2996 (Aristaroh.

125 3025 289 3114 ἐπίληθον
302 3064 345 3075 -
360 3021 464 3110 ὄνομα
479 3021 710 3109 ἐκδεχόμενος).
732 3063 774 3072 --
795 3029 825 3090 Ε
836 3027 899 3092 461
925 3029 1039 3111 Τρῶας
1050 3027 1081 3108 ⁵)
1105 3027 1217 3093 scribit
1233 3046 1307 3094 cum

211 3342 243 3418 l)
264 3340 488 3418 „disputaverat
512 3337 565 3417 [sc.
583 3339 709 3412 Herod]
736 3348 840 3398 contra
854 3337 1059 3397 Ptolemaeum
1074 3338 1110 3396 de
1125 3336 1306 3399 necessitate

124 3450 155 3503 et
177 3443 375 3503 constantia.“

207 3546 239 3625 2)
261 3545 310 3605 hio
327 3563 445 3624 quoque
467 3545 601 3620 regulam
615 3563 749 3621 ponens:
773 3537 877 3603 666661
900 3535 1087 3619 δασυνόμενα
1110 3539 1140 3604 ἐν
1161 3544 1198 3626 τῇ
1221 3538 1308 3601 ἐπεο-

121 3643 204 3708 otest
225 3649 279 3708 τοῦ
300 3651 321 3705 ὗ
342 3649 494 3721 deduciaco,
517 3638 558 3716 oio
580 3639 650 3716 ὅλος
671 3633 775 3716 οὖλος·
808 3640 904 3717 οὕτως
926 3632 981 3705 οὖν
1003 3642 1054 3704 καὶ
1075 3637 1107 3705 td
1131 3641 1216 3704 ἕαδεν
1238 3637 1308 3704 εὔα-

122 3748 174 3810 δεν
196 3747 311 3830 γένοιτο
332 3743 524 3826 φιλούμενον.

207 3855 239 3930 3)
262 3872 296 3913 ao
328 3853 402 3913 mire
431 3858 517 3930 putat
550 3853 684 3915 dativum
715 3873 770 3931 pro
798 3852 937 3928 genetivo
969 3852 1114 3931 positum
1147 3853 1184 3910 cl.
1209 3850 1302 3910 schol.

121 3955 216 4016 Paris.
245 3955 290 4033 (in
321 3958 416 4017 Onam.
444 3960 503 4017 An.
532 3957 594 4035 III)
623 3959 653 4014 A
685 3957 762 4016 579:
795 3949 811 4015 o‘
845 3957 1028 4031 Πτολεμαῖος
1059 3945 1127 4031 ἡμῖν
1157 3945 1222 4011 ἀντὶ
1248 3953 1304 4012 τοῦ

120 4048 214 4134 ἡμῶν,
239 4049 256 4116 ὅ
278 4053 311 4116 δὲ
329 4053 521 4137 Ἀρίσταρχος
542 4051 621 4135 ἡμῖν.

206 4161 238 4238 4)
260 4161 446 4240 Hermappia
467 4164 645 4224 observante
668 4161 795 4240 simplex
818 4154 936 4238 ψευδής
957 4161 1036 4239 apud
1052 4160 1217 4218 Homerum
1239 4179 1301 4219 nou

120 4264 259 4325 inveniri.
305 4265 523 4325 6666666661.
549 4272 620 4325 466.

206 4367 237 4448 5)
260 4370 296 4430 ol.
310 4370 488 4432 Lesbouaot.
513 4365 579 4449 περὶ
595 4361 750 4448 σχημάτων
765 4388 794 4445 p.
818 4373 874 4427 183
891 4369 1039 4445 [Ammon.
1057 4365 1196 4424 Valckan.
1216 4364 1252 4424 17
1257 4361 1302 4442 0].
