2866 4928
602 113 814 178 -.10-

122 279 263 370 στάρχοο
292 279 443 371 μαθητής
476 321 522 346 m.
551 285 607 347 sed
636 284 677 349 de
705 284 765 349 hoc
795 283 921 349 homine
943 284 1022 348 certi
1044 282 1123 348 nihil
1145 282 1312 348 habemns
1340 350 1343 355 ,

120 400 332 477 compertum;
355 412 547 478 quamquam
571 395 762 459 montionem
784 395 852 460 eius
874 393 943 461 fieri
965 395 999 459 in
1020 393 1148 460 scholiis
1167 393 1310 460 Pindari

120 507 329 588 probabiliter
352 506 468 572 statuit
490 504 669 570 Boeckhius
691 503 793 570 Praef.
816 524 846 586 p.
869 506 943 570 XV:
974 504 1069 571 schol.
1092 505 1141 570 Ol.
1164 505 1219 585 11,
1250 507 1304 571 16.

125 617 238 683 Isthm.
260 618 323 699 IV,
355 619 432 696 104,
460 621 633 699 propterea
654 618 739 698 quod
762 617 816 698 qui
839 616 944 696 priore
966 615 1019 681 illo
1041 617 1073 681 in
1097 616 1195 682 schol.
1220 633 1309 680 com-

123 735 216 811 paret
237 730 436 796 Menecrates
459 731 661 794 Artemonem
685 728 913 808 Pergamenum
925 778 937 822 ,A
957 745 1027 793 cum
1051 727 1240 793 Aristarcho
1262 728 1307 793 sit

123 841 298 922 oblocutus,
320 840 523 905 vehementer
544 840 688 920 increpat
703 842 748 919 1);
783 833 993 923 Μενεκράτης
1024 836 1060 902 δέ
1087 858 1167 924 φησι
1196 837 1308 924 ληρεῖν

123 948 181 1017 ιον
200 943 385 1036 Ἀρτέμιον
406 928 472 1014 ονε.
496 949 550 1029 (ο.
569 950 707 1016 nocens.
729 950 922 1032 Expl120).
944 950 1181 1031 quassatae
1197 949 1308 1028 hasac,

123 1063 157 1128 in
180 1061 311 1127 Pindari
335 1062 474 1128 carmina
497 1062 756 1126 commentarium
785 1060 963 1127 condidisse
996 1064 1102 1126 noster
1131 1061 1308 1126 censendus

125 1173 195 1238 erit
234 1191 272 1238 ac
293 1171 428 1237 fortasse
449 1173 533 1238 idem
557 1173 597 1238 de
618 1172 756 1237 Nicaeae
783 1171 871 1237 urbis
902 1170 1037 1236 historia
1059 1171 1195 1252 scripsit.
1233 1191 1309 1236 nam

128 1303 209 1366 quae
231 1284 328 1350 schol.
349 1283 462 1349 Isthm.
484 1285 546 1365 IV,
576 1283 638 1349 104
659 1303 676 1347 ε
697 1284 880 1348 Menecrate
901 1283 1096 1363 produntur,
1127 1283 1240 1346 eadem
1264 1283 1310 1348 sio

126 1394 220 1459 affert
250 1395 382 1461 Tzetzes
413 1396 444 1460 in
475 1395 630 1478 Lycophr.
661 1395 742 1461 662:
774 1389 983 1480 Μενεκράτης
1012 1387 1030 1457 ὁ
1062 1389 1140 1477 περὶ
1161 1388 1308 1470 Νικαίας

125 1502 292 1592 γεγραφώς
323 1498 481 1570 Ἀλκαῖόν
518 1525 599 1591 φησι
635 1501 796 1592 πρότερον
826 1504 1004 1568 καλεῖσθαι
1028 1498 1193 1589 Ἡρακλέα
1221 1499 1312 1585 κτὲ.;

127 1616 312 1697 quibuscum
336 1616 374 1682 cf.
398 1617 560 1683 Plutarch.
584 1610 676 1682 Thes.
698 1618 755 1682 26:
787 1612 995 1702 Μενεκράτης
1018 1612 1056 1680 di
1077 1638 1136 1695 τις,
1159 1610 1313 1701 ἱστορίαν

127 1725 205 1813 περὶ
227 1724 368 1804 Νικαίας
389 1731 446 1815 τῆς
468 1724 502 1791 ἐν
524 1722 670 1814 Βιθυνίᾳ
685 1722 813 1802 πόλεως
828 1723 1014 1802 ἐκδεδωκώς
1029 1721 1097 1792 aci.
1118 1746 1147 1792 v.
1162 1727 1315 1794 Mueller.

128 1839 226 1904 FHG.
255 1839 288 1903 Π
316 1859 346 1920 p.
378 1840 442 1907 344
471 1859 537 1924 sqq.
582 1846 723 1907 ceterum
753 1841 791 1906 ob
820 1841 909 1906 illam
937 1841 1039 1922 ipsam
1071 1859 1137 1906 rem
1165 1841 1316 1924 Vossius,

129 1948 203 2014 bist.
226 1969 272 2031 gr.
293 1970 325 2031 p.
346 1951 410 2018 468
433 1953 599 2018 Westerm.
615 1959 647 2018 et
664 1953 920 2018 Westermannus
942 1953 974 2017 in
990 1951 1103 2035 Paulyi
1125 1952 1190 2017 ER.
1214 1953 1313 2018 scho-

128 2060 173 2125 lia
194 2061 251 2126 illa
270 2061 440 2129 Pindarico
462 2084 522 2130 non
546 2064 767 2144 Aristarcheo,
798 2065 854 2129 sed
882 2064 1021 2129 Xanthio
1051 2063 1225 2129 Menecrati
1248 2065 1314 2128 tri-

48 2206 53 2220 .
130 2171 242 2254 buunt,
265 2176 444 2239 Λυκιακῶν
465 2179 597 2243 auctori.

539 2402 625 2474 XII.
661 2401 902 2499 Posidonius.

218 2583 407 2652 Posidonius
435 2588 662 2669 grammaticus
691 2587 869 2653 Aristarchi
898 2587 997 2653 lector
1028 2586 1152 2653 duobus
1186 2585 1320 2653 scholiis

132 2693 210 2759 Ven.
233 2695 262 2759 A
277 2705 556 2763 commemoratur:
579 2704 610 2761 Z
622 2697 685 2762 511
709 2699 749 2763 ab
762 2698 940 2763 Aristonico
962 2703 996 2762 et
1019 2697 1098 2763 1³75
1111 2717 1132 2762 a
1147 2697 1319 2780 Nicanore,

134 2812 270 2888 utroque
286 2807 354 2873 loco
371 2808 502 2873 Homeri
518 2809 687 2890 interpres.
707 2808 804 2875 schol.
824 2815 855 2872 Z
865 2807 926 2872 511
943 2803 1049 2895 ῥίμφα
1067 2802 1083 2872 ἑ
1097 2808 1196 2892 γοῦνα
1211 2804 1317 2894 φέρει]

133 2954 175 2963 -
198 2914 420 2996 Ποσειδώνιος
446 2913 524 2985 ost
553 2911 757 3006 άναγνωστής
782 2911 999 3004 Ἀριστάρχου
1025 2914 1099 2984 άνευ
1124 2915 1318 3006 διαιρέσεως

134 3027 172 3092 τὸ
197 3034 222 3093 a
245 3030 355 3115 ψιλῶς
378 3028 589 3119 προφέρεται,
612 3028 787 3112 παρέλκειν
801 3023 881 3096 αὐτὸ
896 3028 999 3114 λέγων
1021 3025 1066 3108 ὡς
1088 3028 1122 3096 έν
1137 3032 1183 3117 τῷ
1202 3021 1253 3117 ίἠὲ
1276 3028 1318 3094 σύ

134 3135 229 3206 τάνάε
252 3134 392 3225 δέδεξο’,
424 3140 481 3208 καὶ
502 3140 613 3208 λύεται
634 3141 671 3208 τὰ
696 3138 990 3228 σολοικοφανές’);
1020 3142 1075 3206 ubi
1097 3141 1221 3207 mireris
1244 3141 1319 3206 Ari-

136 3253 257 3318 starchi
279 3254 545 3337 adstipulatorem
567 3257 653 3322 idem
674 3255 815 3320 tenuisse
837 3254 923 3334 quod
945 3254 1161 3334 Zenodotum,
1194 3256 1231 3316 ut
1264 3269 1319 3317 so-

135 3364 276 3432 loecismi
298 3367 421 3433 vitandi
443 3386 557 3434 caussa
577 3366 674 3452 γοῦνα
695 3386 753 3448 pro
775 3365 956 3432 accusativo
978 3364 1132 3446 haberet,-
1153 3381 1247 3445 quam
1279 3362 1315 3428 in

135 3477 267 3560 pravam
283 3480 460 3562 opinionem
482 3500 542 3547 non
566 3480 662 3546 semel
684 3479 793 3560 diplen
809 3477 996 3543 Aristarcho
1018 3477 1156 3558 positam
1172 3479 1317 3541 constat:

137 3590 232 3656 schol.
256 3598 287 3655 Z
298 3591 370 3657 514.
400 3592 514 3660 0405.
538 3593 649 3656 ΡἹΟΟ.
668 3595 697 3654 Σ
709 3591 770 3656 148
787 3588 840 3674 (cf.
856 3588 1055 3654 Friedlaend.
1071 3588 1169 3653 Arist.
1187 3587 1262 3667 126)
1293 3585 1318 3668 ).

138 3701 238 3767 altero
267 3703 337 3770 loco
366 3704 471 3785 ipsum
494 3703 715 3770 Aristarchum
738 3700 900 3768 Posidonii
933 3699 1124 3767 sententiam
1157 3696 1318 3779 recepisse

227 3984 256 4062 l)
280 3984 315 4042 of.
339 3983 496 4058 Wegener.
521 3984 589 4042 Aul.
613 3984 675 4042 Act.
701 3985 770 4039 192.
794 3978 951 4039 ffinefenh.
973 3976 1014 4050 II,
1039 3981 1088 4035 56.

226 4087 258 4162 2)
281 4086 382 4145 eadem
404 4105 451 4162 ap.
474 4086 609 4146 Eustath.
634 4088 703 4158 659,
730 4088 779 4142 25.

227 4191 259 4268 3)
281 4192 317 4250 of.
341 4192 500 4250 Dusntner.
522 4189 630 4247 Zenod.
653 4208 682 4264 p.
705 4192 762 4260 93,
793 4186 844 4265 qui
875 4183 1037 4260 comparari
1069 4183 1153 4240 iubet
1175 4181 1267 4239 schol.
1291 4181 1319 4239 V

141 4293 178 4351 ad
204 4293 229 4352 0
252 4300 328 4354 241:
350 4328 392 4338 -
417 4285 595 4373 Χρύσιππος
617 4286 649 4350 δὲ
671 4291 783 4366 ψιλοῦν
805 4281 837 4347 τό
860 4291 875 4345 ε
899 4278 940 4356 ιάς
962 4285 1137 4366 περισσεῦον
1158 4316 1209 4342 -.
