2866 4928
611 176 822 243 ..12-

130 340 216 406 etin
239 341 314 406 diss,
336 342 419 408 hom.
441 362 489 423 pr.
512 365 542 426 p.
568 346 682 428 1231).
716 384 757 392 —-
794 347 861 410 sine
890 345 963 410 libri
993 344 1117 410 nomine
1147 344 1306 409 Ammonii

130 453 311 517 testimonia
329 454 505 519 afferuntur
527 458 699 541 aDidymo
722 461 762 522 ad
784 462 814 521 Β
831 459 900 521 111.
924 462 954 519 Ζ
967 456 1017 519 76.
1040 491 1082 501 -
1104 454 1135 519 11
1160 455 1306 519 omnibus

129 569 238 628 autem
260 563 319 646 his,
342 567 487 648 quamvis
501 567 635 647 paucula
655 571 729 651 sint,
752 569 951 633 Ammonium
976 570 1079 630 totum
1101 564 1300 644 agnoscimus

128 673 160 738 in
183 680 254 740 arte
276 676 388 742 critica
410 684 596 758 occupatum
626 687 683 746 aut
713 681 822 763 potius
853 677 977 743 fidelem
1002 674 1180 741 Aristarchi
1203 681 1304 740 socta-

129 791 229 850 torem
261 806 394 869 eumque
427 789 481 871 qni
512 788 656 870 magistri
688 790 898 856 recensionem
921 788 1112 853 homericam
1137 786 1305 869 diligenter

126 898 264 963 servavit
287 918 323 965 ac
346 900 491 964 tradidit.

213 1015 351 1074 ceterum
382 1029 441 1074 non
472 1010 504 1074 in
536 1010 674 1077 Homero
703 1013 915 1078 substiterunt
945 1008 1103 1073 Ammonii
1125 1026 1228 1072 curae.
1272 997 1303 1072 i‘n

126 1118 254 1184 scholiis
283 1120 366 1185 enim
398 1121 634 1203 Aristophaniis
663 1123 755 1187 tostis
792 1122 845 1187 ille
874 1118 1043 1202 aliquoties
1071 1117 1231 1183 adfertur:
1261 1120 1304 1184 ad

127 1231 185 1293 Av.
220 1230 355 1314 12972).
385 1231 458 1297 Pac.
487 1233 560 1299 363.
591 1235 684 1314 Vesp.
715 1234 786 1298 947.
817 1231 984 1316 (123193).
1028 1248 1084 1295 uec
1115 1235 1240 1310 tamen,
1271 1230 1305 1294 id

127 1341 212 1422 quod
242 1348 326 1407 recte
357 1343 439 1408 vidit
469 1345 505 1407 O.
538 1343 823 1426 6111116114),
856 1343 1015 1409 ‘continua
1042 1340 1305 1421 interpretatione

125 1452 371 1534 Aristophanem
395 1453 577 1535 illustravit,
612 1456 668 1520 sed
691 1456 909 1521 tantummodo
941 1447 1018 1536 περὶ
1039 1448 1305 1536 κωμῳδουμένων

126 1562 279 1644 scripsit'3
303 1563 341 1629 cf.
365 1564 460 1629 schol.
484 1564 556 1630 Pac.
580 1566 643 1630 363
662 1558 850 1650 Ἀμμώνιος
864 1563 900 1629 δὲ
918 1557 1020 1648 ὄνομα
1037 1556 1216 1648 ἀναγράφει
1236 1557 1303 1627 aas.

126 1709 167 1719 -
191 1676 248 1739 sed
266 1676 349 1740 iusto
371 1675 439 1740 sine
454 1675 549 1741 dubio
572 1679 795 1743 commentario
811 1678 984 1743 Pindarum
1007 1674 1189 1752 illustravit,
1214 1674 1303 1739 cuius

128 1786 278 1850 nonnulla
300 1807 357 1867 per
378 1793 488 1851 nostra
503 1787 623 1853 scholia
636 1787 783 1853 feruntur
806 1787 949 1870 vestigia.
994 1794 1026 1851 et
1041 1786 1212 1868 pleraeque
1235 1786 1305 1867 qui-

126 1895 199 1959 dem
222 1897 290 1962 eius
313 1899 554 1963 adnotationum
577 1905 651 1963 sunt
673 1900 868 1981 exegeticae:
901 1898 941 1961 ad
965 1896 1059 1978 Pyth.
1081 1897 1144 1976 IV,
1175 1897 1218 1961 44
1250 1895 1305 1979 (cf.

126 2007 263 2072 Boockh.
298 2009 388 2089 Expl.
419 2029 448 2090 p.
479 2010 551 2074 268.
596 2010 640 2074 Μ.
674 2010 827 2076 Schmidt.
862 2008 935 2073 Did.
966 2027 997 2089 p.
1028 2007 1116 2090 226).
1146 2008 1196 2072 89.
1226 2007 1303 2086 313;

126 2117 215 2183 Nem.
239 2120 304 2197 ΙΙΙ,
338 2121 377 2183 16
401 2119 452 2202 (cl.
475 2119 519 2185 M.
541 2120 693 2186 Schmidt.
715 2121 756 2185 ib.
780 2121 863 2195 2301.
887 2117 1028 2198 1v‚53;
1058 2138 1121 2183 una
1151 2118 1304 2183 iudicium

127 2229 166 2293 de
189 2235 256 2294 toto
279 2231 417 2296 carmine
448 2230 598 2312 praebet,
628 2233 670 2296 ad
700 2230 793 2315 Pyth.
816 2231 861 2310 11,
895 2232 931 2309 13
963 2228 1059 2295 semel
1090 2207 1301 2294 coniecturam

125 2340 252 2428 videtur
279 2359 376 2406 ausus
398 2360 485 2407 esse:
515 2343 562 2409 Ol.
585 2343 611 2423 Ι,
635 2343 705 2407 121.
730 2341 781 2423 (11.
805 2341 934 2421 Lehrs.‚
963 2340 1023 2405 Die
1045 2339 1302 2405 Pindarscholisn

125 2469 156 2530 p.
181 2451 230 2515 10.
251 2451 366 2534 Bergk.
389 2454 431 2518 ad
453 2453 483 2517 h.
506 2454 550 2536 1.).

211 2570 337 2628 exstant
359 2564 494 2644 denique
516 2563 663 2629 nonnulla
684 2565 843 2630 Ammonii
865 2566 1047 2630 testimonia
1062 2567 1103 2630 ad
1119 2564 1301 2645 prosodiam

127 2675 328 2756 pertinentia,
351 2694 431 2757 quae
454 2680 562 2739 nostro
585 2674 725 2741 tribuere
747 2694 807 2740 non
831 2675 951 2742 dubito.
989 2675 1087 2741 Bekh.
1104 2677 1164 2740 Au.
1185 2675 1258 2753 470,
1281 2676 1300 2763 8

122 2779 280 2872 Ἀφελοῦτ
310 2789 477 2870 περισπᾶν
507 2777 597 2865 ἀξιοῖ
623 2778 820 2869 Ἀμμώνιος.
853 2787 894 2850 ib.
925 2788 1016 2866 1006,
1039 2789 1080 2852 28
1104 2782 1141 2849 τὸ
1164 2781 1301 2864 πόλεων,

127 2895 245 2978 λέξεων
274 2894 330 2961 καὶ
352 2893 392 2961 τὰ
414 2892 512 2980 ὅμοια
535 2892 641 2961 τοίνυν
672 2894 738 2981 11ρὸ
767 2899 847 2980 μιᾶς
869 2890 994 2982 ὀφείλει
1016 2893 1098 2977 digero
1120 2896 1175 2962 τὸν
1195 2892 1299 2977 τόνον,

123 3001 313 3092 Ἀμμώνιος
343 3005 380 3073 δέ
410 3027 507 3093 φησιν
539 3000 619 3071 αὐτοὶ
652 3006 743 3092 παρὰ
776 3001 945 3085 Ἀττικοῖς
976 3002 1300 3093 προπαροξύνεσθαι.

128 3120 239 3186 eadem
263 3120 443 3185 observatio
476 3119 515 3184 ab
539 3118 721 3184 Herodiano
751 3119 907 3201 allegata,
935 3139 967 3200 p.
992 3121 1083 3184 1264.
1113 3156 1155 3166 -
1184 3113 1237 3184 ὅτι
1265 3117 1302 3183 τὸ

217 3312 246 3390 1)
270 3313 353 3385 „Hos
365 3331 468 3370 versus
484 3312 616 3369 intextos
631 3310 755 3384 dialogis
768 3311 928 3370 Platonicis
944 3311 1116 3370 tractavisse
1129 3311 1302 3369 Ammonius

128 3415 332 3474 Aristarcheus
361 3434 395 3472 eo
425 3413 548 3473 consilio
571 3413 734 3486 censendus
757 3420 857 3472 estut
879 3415 1063 3473 examinaret
1085 3415 1150 3481 τοῖς
1175 3406 1302 3470 Πλάτων

127 3512 316 3594 προφέρεται,
339 3517 358 3576 i.
375 3535 399 3573 e.
423 3536 481 3600 quo
504 3516 590 3574 modo
613 3515 663 3572 ille
687 3515 807 3589 legisset
829 3536 878 3574 eos
901 3515 981 3585 τίνας
1003 3509 1121 3594 γραφὰς
1142 3516 1192 3576 vel
1216 3535 1302 3591 prae·

128 3624 260 3695 optasset
281 3619 330 3677 vel
358 3620 490 3678 novisset
512 3618 597 3678 solas.
650 3615 736 3679 Quod
767 3637 873 3693 operae
895 3619 1023 3694 pretium
1045 3625 1109 3677 1111
1131 3637 1218 3697 quam
1242 3637 1301 3675 ma·

128 3721 208 3779 xime
224 3722 407 3792 examinare;
430 3741 498 3779 nam
521 3722 556 3779 ad
579 3720 675 3796 ipsum
692 3720 825 3779 Platonis
847 3739 952 3778 aevum
967 3721 1139 3779 referendae
1161 3721 1302 3779 videntur

127 3824 350 3902 antiquissimae
374 3845 411 3883 ex
435 3824 623 3893 editionibus,
646 3823 839 3882 vetustissimi
864 3844 902 3881 ex
925 3824 1075 3907 codicibus
1090 3823 1213 3881 Homeri
1236 3822 1310 3902 qui-¹

128 3927 184 3984 bus
205 3926 417 3984 Alexandrinis
439 3925 638 4001 grammaticis
660 3925 704 3983 uti
725 3925 839 3984 licuit.“

214 4026 245 4104 2)
269 4029 303 4086 cf.
322 4029 360 4086 Μ.
378 4028 521 4087 Schmidt.
548 4027 614 4085 Did.
638 4047 667 4102 p.
691 4031 761 4084 255.
786 4061 826 4070 -
850 4049 953 4088 moneo
977 4029 1088 4087 scholia
1112 4028 1301 4103 Aristophan.

128 4147 175 4186 me
196 4130 287 4188 citare
310 4131 468 4189 secundum
491 4131 561 4189 edit.
583 4129 832 4188 Duebnerianam.

216 4234 249 4308 3)
270 4233 306 4290 de
327 4234 384 4292 hoc
406 4232 497 4292 schol.
520 4233 598 4292 infra
620 4232 723 4291 dicam.

215 4335 248 4410 4)
269 4336 314 4395 De
335 4341 470 4396 veterum
491 4335 522 4393 in
545 4335 775 4411 Aristophanem
798 4336 977 4396 scholiorum
998 4335 1139 4408 fontibus,
1161 4355 1190 4412 p.
1209 4340 1258 4394 92.
