2866 4928
601 211 813 277 ..41-

119 382 257 448 Nicanor
272 386 428 448 testatur:
452 419 490 428 —·
514 380 552 447 κδ
575 380 612 447 δὲ
635 374 770 466 ἀκίχητα
785 399 867 466 φασι
884 374 1108 444 Ποσειδώνιον
1130 377 1186 445 τὸν
1205 374 1300 466 Ἀρι-

120 488 260 574 στοὶρχοο
289 485 493 581 ἀναγνωστὴν
514 497 587 572 τοῖς
608 489 682 583 ἑξῆς
711 489 904 581 προςνέμειν
926 489 983 558 καὶ
1003 489 1061 558 τδν
1077 485 1296 581 Ἀρίσταρχον

121 597 347 685 ἀποδέχεσθαι
363 606 403 689 ¹).

205 718 348 784 eiusdem
363 735 433 784 esse
447 717 610 783 Posidonii
625 718 765 784 arbitror
775 719 807 802 ²)
829 723 864 784 et
886 717 1002 784 librum
1020 713 1098 804 περὶ
1113 713 1302 800 συνδέσμων

120 830 292 895 excitatum
314 830 355 895 ab
371 829 537 912 Apollonio
560 829 600 894 de
619 829 709 912 oonj.‚
732 829 830 896 Bekh.
846 829 905 895 An.
920 828 994 908 480,
1016 833 1049 893 et
1071 846 1153 909 quae
1174 827 1302 894 exhibet

120 942 217 1007 schol.
240 939 385 1023 Apollon.
407 941 510 1007 Rhod.
531 941 573 1021 ΙΙ,
598 941 673 1006 106:
696 978 739 987 -
760 937 845 1005 κατὰ
860 937 897 1005 δὲ
912 934 1136 1005 Ποσειδώνιον
1156 937 1195 1003 τδ
1216 933 1301 1004 διιο-

121 1048 212 1116 κάσω
234 1051 299 1116 τῶν
320 1053 378 1116 τοῦ
400 1050 504 1129 ποδὸς
525 1048 692 1116 δακτύλων
705 1049 769 1133 λὰξ
783 1050 934 1138 καλεῖται
957 1071 965 1088 ·
988 1047 1072 1117 οὕτω
1094 1048 1156 1135 γδρ
1179 1047 1303 1126 ἐκεῖνος

122 1159 286 1249 ἐξηγεῖται
308 1161 364 1228 καὶ
385 1161 424 1228 τὸ
446 1154 522 1246 παρ’
539 1158 671 1251 Ὁμήρῳ
692 1163 757 1244 λὰξ
779 1186 816 1228 π.
839 1185 868 1226 κ.
907 1163 963 1228 sed
987 1163 1100 1228 dubito
1122 1162 1162 1226 de
1184 1162 1235 1226 Et.
1259 1160 1301 1227 M.

123 1276 204 1353 645,
226 1275 309 1357 52³)
335 1271 452 1360 Ὀψίςε
475 1270 535 1353 Ὡς
555 1272 616 1360 μὲν
637 1268 874 1354 Ποσειδώνιος,
898 1270 990 1360 παρὰ
1011 1270 1051 1338 νδ
1071 1267 1186 1352 imo),
1211 1267 1300 1358 ἅψιο,

122 1381 208 1471 tote
228 1408 280 1462 τις
302 1376 401 1467 οὖσα,
434 1380 453 1474 ἡ
476 1386 547 1474 φῶς
577 1383 764 1470 ἐμποιοῦσα
786 1382 842 1450 καὶ
862 1379 1109 1469 καταογοὶζονσα
1131 1386 1195 1447 τῶν
1216 1378 1301 1448 διιο-

121 1494 276 1581 κειμένιον
305 1493 447 1579 ἕκαστα,
479 1493 524 1575 ὡς
554 1499 620 1585 πῦρ
650 1535 689 1545 -
721 1517 803 1580 quae
824 1496 1050 1580 philosophi⁴)
1080 1502 1213 1577 possunt
1235 1513 1304 1561 esse
1356 1491 1377 1534 Ι

121 1606 408 1693 ἐτυμολογοῠνιος;
438 1610 515 1675 item
539 1610 579 1674 de
601 1609 698 1675 schol.
721 1613 760 1672 X
777 1608 855 1687 325,
878 1608 933 1673 ubi
955 1614 1098 1672 nostrum
1121 1607 1208 1671 innui
1232 1625 1303 1670 een·

121 1741 191 1786 sere
212 1721 344 1786 inclinat
365 1721 486 1803 Papius
508 1721 540 1786 in
563 1721 622 1786 lex.
645 1739 727 1787 nom.
749 1739 857 1803 propr.
882 1757 922 1766 -
955 1724 1095 1786 ceterum
1121 1737 1149 1784 v.
1172 1718 1219 1782 La
1240 1718 1303 1782 Ro-

121 1831 237 1911 cthm‚
260 1831 301 1896 H.
324 1832 359 1898 T.
384 1833 432 1898 72.
456 1833 507 1898 73.

523 2059 631 2132 xm.
677 2058 904 2152 Satyrus5).

208 2269 342 2336 Photius
357 2270 439 2336 Bibl.
452 2273 520 2338 cod.
535 2271 616 2338 CXC
630 2292 660 2354 p.
675 2271 735 2336 151
747 2272 791 2337 B:
809 2264 952 2356 Σάτυρος
967 2264 1212 2357 ὁἉριστοῖρχοσ
1222 2263 1303 2353 γνώ-

124 2404 220 2465 ριμος
241 2383 330 2468 Ζῆνα
352 2379 501 2448 ἐκαλεῖτο
534 2382 591 2449 διὰ
610 2380 649 2450 τδ
673 2380 842 2472 ζητητικδν
864 2375 971 2449 αὐτοῦ.
1017 2384 1056 2449 de
1088 2382 1148 2449 hoc
1177 2381 1304 2446 homine

123 2493 258 2576 ingenue
289 2493 503 2576 profitendum
533 2497 578 2562 nil
607 2495 687 2562 oerti
717 2504 872 2562 constare.
916 2495 948 2560 in
979 2496 1059 2561 dnos
1089 2495 1171 2561 enim
1206 2496 1245 2560 de
1267 2512 1304 2560 eo

123 2604 183 2670 viri
217 2606 304 2670 docti
333 2607 501 2672 discedunt
521 2608 692 2689 opiniones.
736 2627 850 2690 nempe
879 2627 937 2688 per
966 2625 1000 2673 se
1029 2606 1123 2674 faeile
1152 2605 1304 2671 memoria

123 2717 241 2799 inrepit
256 2717 364 2800 Satyri
385 2718 570 2802 philosophi
591 2719 794 2804 peripatetici
815 2715 898 2802 βίων
919 2719 1005 2784 illins
1019 2717 1159 2785 auctoris
1176 2716 1305 2783 Laertio

122 2828 258 2911 Diogeni
279 2835 312 2895 et
335 2830 499 2896 Athenaeo
522 2832 678 2914 usurpati.
711 2831 766 2912 qui
788 2849 858 2899 oum
881 2848 963 2896 saec.
978 2850 1007 2894 a.
1024 2829 1099 2896 (ihr.
1116 2829 1148 2893 11
1169 2827 1236 2895 iere
1258 2829 1300 2893 in.

123 2939 268 3006 floruisse
290 2942 454 3023 putandus
475 2943 528 3021 sit,
550 2943 601 3007 vel
623 2944 666 3007 ad
688 2942 859 3007 maximum
886 2941 978 3007 Initio
1000 2941 1090 3024 regni
1112 2939 1304 3005 Philometo-

123 3053 168 3118 ris
191 3051 234 3136 (v.
250 3053 359 3118 Laert.
374 3053 466 3136 Diog.
489 3054 578 3135 VIII,
600 3054 642 3120 40
665 3053 702 3121 ol.
719 3052 806 3118 Suid.
830 3072 854 3118 s.
871 3072 899 3118 v.
917 3047 1130 3139 Ἡρακλείδης
1149 3042 1303 3136 Ὀξυρυγ-

121 3158 244 3250 χίιης),
273 3164 456 3232 Aristarchi
487 3164 655 3231 familiaris
681 3164 795 3245 inisse,
828 3183 888 3229 non
918 3164 1093 3246 discipulus
1115 3166 1228 3245 potest.
1273 3167 1305 3226 et

212 3464 239 3535 1)
262 3479 337 3540 quae
360 3460 484 3520 invertit
507 3462 643 3520 Eustath.
669 3465 759 3534 1096,
785 3465 841 3520 14:
872 3449 1070 3527 Ποσειδώνιος
1092 3451 1140 3529 δέ,
1163 3472 1263 3531 φασιν,
1287 3447 1305 3514 o‘

121 3555 162 3624 Ἀ.
186 3554 305 3640 ἄνομα,
336 3555 415 3621 οὕτω
445 3557 550 3641 λέγει·
573 3555 611 3621 osi
633 3557 686 3639 μὲν
717 3550 774 3622 ὦδε
803 3558 885 3633 θέεις
914 3554 1038 3638 ἀκίχητα
1062 3579 1069 3594 ·
1093 3549 1154 3617 εἶτα
1185 3552 1304 3618 διώκων

124 3663 239 3735 ἵππους
260 3662 420 3738 Αἰακίδαο,
443 3661 493 3724 κα1
517 3656 569 3724 τδν
587 3659 778 3745 Ἀρίσταρχον
801 3656 999 3742 ἀποδέχεσθαι
1021 3657 1080 3723 uri.

209 3768 242 3846 2)
264 3788 331 3828 oum
355 3767 508 3842 Muellem,
531 3769 623 3830 Fue.
645 3770 697 3828 III
718 3790 748 3846 p.
772 3773 844 3828 249.

210 3872 243 3948 3)
272 3871 310 3929 ad
336 3869 502 3930 Aristerohi
533 3870 673 3933 leotorom
704 3873 798 3933 refert
827 3869 999 3932 Gaisfordus
1026 3869 1059 3928 in
1088 3868 1149 3928 ind.
1180 3868 1303 3946 seriptt.,

122 3972 194 4034 item
216 3973 427 4052 Bernhardyus
448 3972 480 4032 in
502 3975 602 4035 adnot.
623 3977 660 4034 ad
683 3973 766 4034 Snid.
788 3974 829 4048 II,
854 3978 882 4048 2,
904 3993 933 4050 p.
957 3972 1028 4047 376,
1053 3977 1080 4030 8.

209 4077 241 4151 4)
263 4075 350 4135 Bakii
374 4077 411 4135 de
432 4075 594 4137 Posidonio
615 4078 694 4138 libor
714 4077 787 4136 mihi
810 4097 870 4135 non
892 4082 1010 4152 praesto
1032 4074 1097 4134 fuit

210 4179 240 4257 5)
265 4199 291 4239 v.
316 4178 513 4239 Graefenhan.
535 4181 560 4255 Ι,
584 4186 662 4252 400;
686 4181 736 4259 qui
760 4183 791 4240 et
811 4179 884 4256 ipso,
908 4182 1051 4258 quantum
1074 4195 1113 4236 ex
1135 4177 1199 4235 eins
1214 4176 1302 4235 silen-

122 4281 165 4341 tio
189 4281 332 4355 oonioiaa,
365 4281 515 4341 diversum
538 4284 703 4344 Aristarohi
726 4281 903 4359 disoipulum
924 4301 943 4340 a
963 4279 1157 4358 peripatetico
1189 4280 1302 4352 statuit,

122 4385 159 4445 of.
181 4385 306 4444 eundem
327 4385 370 4458 11,
392 4403 421 4460 p.
446 4388 515 4444 196.
