2866 4928
619 212 831 280 -50-

473 414 476 419 ⁹
513 455 656 532 xvm.
695 455 935 549 Apollonius.

221 626 317 672 unum
348 626 365 671 e
396 606 505 671 multis
542 605 673 673 huiusce
709 607 844 673 nominis
874 606 1096 690 hominibus1)
1135 608 1317 675 Aristarchi

136 719 236 784 fnisse
258 717 448 798 discipulum
471 716 514 781 M.
537 716 708 791 Schmidtii⁴
726 737 859 785 acumen
882 719 1066 800 indagavit,
1089 719 1163 785 Did.
1186 739 1217 802 p.
1239 721 1317 787 285.

134 831 179 896 ihi
209 830 292 894 enim
318 828 357 894 V.
380 828 410 894 S.
441 846 511 894 cum
543 827 582 891 de
614 827 803 894 scholiorum
835 828 867 893 in
892 828 1143 912 Aristophanem
1174 829 1318 896 fontibus

134 940 232 1006 verba
255 939 353 1007 faciat
381 939 430 1003 ita
450 938 607 1020 loquitur:
636 935 710 1019 „Tol
740 936 1001 1026 ἐπιγεγραμμένα
1019 932 1248 1006 Ἀπολλωνίου
1271 961 1316 1009 sc.

132 1045 353 1136 ὑπομνήματα
375 1049 487 1134 (schol.
510 1050 590 1116 Aru.
614 1050 711 1135 1242)
745 1051 888 1133 exemplo
910 1069 979 1117 esse
1001 1055 1135 1134 possunt
1156 1052 1190 1116 id
1211 1071 1317 1136 genus

133 1162 350 1229 saluberrimo.
387 1161 470 1227 Mihi
485 1161 568 1226 enim
583 1179 737 1243 perquam
753 1163 856 1227 simile
870 1163 938 1229 veri
953 1162 1090 1244 videtur,
1114 1163 1198 1229 hunc
1214 1163 1316 1245 Apol-

132 1273 268 1353 lonium,
298 1291 359 1337 non
381 1272 558 1350 Rhodium,
580 1272 637 1336 sed
659 1271 787 1340 aliunde
809 1273 953 1356 ignotum
975 1274 1152 1355 hominem,
1174 1293 1273 1339 unum
1297 1295 1316 1341 e

132 1383 345 1465 quadraginta
360 1383 540 1449 Aristarchi
563 1382 731 1465 discipulis
752 1383 861 1467 luisse,
885 1387 974 1451 cuius
1000 1385 1235 1467 qualescunque
1257 1385 1316 1450 ob-

131 1496 328 1562 servationes
351 1494 383 1559 in
405 1495 650 1576 hypomnemate
672 1493 778 1576 aliquo
807 1495 910 1562 literis
927 1483 1174 1578 'mahomethi‘
1217 1516 1316 1578 quarn

130 1606 163 1670 in
186 1624 252 1671 rem
283 1605 324 1670 ab
354 1605 410 1670 illo
431 1605 633 1672 observatam
662 1623 745 1672 nunc
767 1606 874 1688 paullo
897 1608 1078 1674 accuratius
1109 1606 1188 1673 mihi
1216 1608 1315 1677 liceat
1383 1657 1385 1660 -

131 1717 300 1798 inquirere.

215 1833 313 1909 atque
335 1833 372 1893 ut
400 1828 441 1895 ab
474 1828 585 1894 eodem
609 1827 707 1893 schol.
731 1827 804 1912 (Ar.
829 1827 927 1911 1242)
950 1846 1013 1909 quo
1034 1829 1088 1895 ille
1109 1849 1139 1896 v.
1162 1830 1193 1895 d.
1217 1830 1314 1897 nixus

130 1958 188 2006 suo
210 1939 279 2005 iure
291 1938 334 2024 id
356 1938 528 2015 contendit,
549 1936 723 2020 ordiamur,
744 1939 842 2006 verba
857 1959 939 2024 quae
960 1941 1006 2008 ibi
1027 1943 1223 2007 antecedunt
1244 1943 1316 2009 ani·

129 2050 359 2116 madvertenda
373 2052 466 2128 sunt3
489 2049 641 2129 leguntur
663 2049 746 2115 enim
762 2050 858 2118 haec:
879 2046 916 2115 ἐν
937 2049 975 2115 δὲ
996 2047 1096 2128 ἐνίοις
1116 2054 1181 2116 τῶν
1202 2051 1317 2132 σχολι-

127 2160 197 2226 κῶν
218 2154 461 2246 ὑπομνημάτων
491 2157 584 2224 πουτί
610 2157 792 2247 γέγραπται
813 2199 864 2242 -,
887 2167 925 2226 ut
955 2169 1110 2245 appareat
1132 2164 1191 2230 hos
1213 2165 1316 2246 Apol-

127 2273 205 2339 lonii
227 2270 471 2341 commentarios
493 2266 593 2347 ἐνίοις
622 2271 686 2337 illis
708 2274 825 2356 opponi
847 2290 964 2354 eosque
986 2279 1020 2339 et
1041 2275 1128 2356 ipsos
1149 2273 1315 2355 σχολικῶν

127 2378 373 2470 ὑπομνημάτων
393 2382 521 2448 notione
548 2384 785 2465 comprehendi.
829 2384 1016 2465 Apollonius
1045 2405 1121 2469 ergo
1143 2386 1228 2452 sicut
1251 2387 1312 2452 alii

128 2496 302 2562 seeundum
324 2514 380 2577 ea,
403 2512 484 2575 quae
507 2513 545 2561 ex
567 2495 747 2560 Aristarchi
769 2495 915 2576 magistri
937 2515 992 2562 ore
1013 2498 1156 2579 pendens
1177 2497 1316 2564 auribus

125 2613 331 2689 perceperat,
364 2606 415 2673 vel
445 2606 479 2671 in
509 2624 601 2671 suum
634 2604 683 2670 vel
714 2592 857 2688 plurium
887 2607 920 2672 in
951 2626 1043 2674 usum
1066 2608 1315 2675 commentarios

126 2717 322 2783 condiderat.
368 2716 412 2801 (v.
435 2716 546 2783 Lehrs.
580 2717 634 2782 Ar.
659 2718 698 2782 19
720 2736 789 2801 sqq.
811 2719 855 2784 M.
878 2718 1035 2785 Schmidt
1059 2718 1133 2784 Did.
1155 2717 1246 2800 283).
1269 2757 1314 2767 -

126 2832 161 2892 at
183 2828 210 2892 is
240 2846 300 2892 non
331 2846 413 2893 unns
447 2833 497 2894 est
529 2828 633 2906 loeus,
664 2829 748 2894 unde
770 2829 975 2911 Apollonium
1006 2830 1105 2894 istum
1126 2828 1314 2896 Aristarchi

125 2936 223 3004 fuisse
254 2937 446 3020 discipulum
479 2938 686 3018 coniciamus,
716 2958 825 3006 verum
848 2941 988 3006 nonnulli
1010 2943 1086 3005 eunt
1108 2977 1149 2986 —
1173 2958 1313 3023 quorum

123 3048 292 3130 plerosque
313 3050 359 3114 M.
380 3049 577 3116 Schmidtius
606 3055 775 3116 enumerat
796 3087 847 3132 --‚
869 3057 903 3117 et
930 3052 965 3117 hi
994 3053 1122 3134 quidem
1145 3069 1255 3118 omnes
1277 3051 1312 3117 in

123 3160 233 3225 scholi.
256 3160 418 3226 Ranarum
451 3164 629 3241 exstantes,
659 3162 774 3242 quibus
805 3163 891 3230 idern
925 3162 1080 3243 eflicitur3
1109 3162 1165 3228 alii
1197 3167 1312 3229 autem

123 3275 211 3350 sunt,
244 3270 298 3335 ubi
321 3271 461 3337 eiusdem
482 3269 553 3337 fieri
575 3272 764 3339 mentionem
788 3275 990 3357 grammatici
1013 3275 1083 3344 veri
1112 3277 1162 3339 est
1183 3273 1313 3340 similli-

124 3401 219 3448 mum.
241 3420 284 3432 -
307 3401 344 3449 ac
365 3383 504 3467 primum
527 3403 700 3467 proponam
723 3385 819 3452 schol.
842 3387 922 3452 Ran.
945 3385 1006 3452 357
1029 3380 1109 3473 μήτε
1129 3379 1320 3472 Κρατίνου).

123 3491 208 3581 πρὸς
237 3492 313 3574 τοὺς
343 3493 421 3583 περί
448 3488 664 3582 Ἀρίσταρχον
696 3490 880 3579 οἰομένους,
911 3489 962 3562 ὅτι
992 3498 1111 3582 ταῦρος
1132 3486 1168 3585 ἦν
1191 3487 1310 3574 αὐτοῖς

214 3673 244 3751 1)
267 3672 303 3731 de
325 3671 373 3731 his
395 3691 424 3732 r.
447 3672 556 3731 Meurs.
581 3671 652 3730 bibl.
677 3674 739 3730 Att.
761 3670 795 3729 in
817 3668 949 3732 Gronov.
972 3671 1057 3730 Thes
1080 3674 1102 3730 t.
1123 3671 1155 3729 X
1177 3690 1205 3747 p.
1225 3673 1311 3730 1234

122 3795 187 3855 sqq.
238 3775 324 3838 Voss.
352 3773 424 3833 hist.
461 3793 504 3848 gr.
539 3779 563 3846 l,
595 3777 644 3832 23.
695 3775 777 3833 Jons.
813 3773 927 3852 scripti.
964 3773 1034 3833 hiet.
1070 3772 1177 3850 philon.
1212 3777 1243 3845 3,
1279 3773 1309 3833 7.

122 3877 238 3938 Febric.
260 3877 314 3951 IV,
339 3877 517 3936 272-279.

209 3979 241 4058 2)
263 3981 321 4041 hoc
348 4000 409 4039 non
439 3984 634 4058 perspexerat
664 3981 699 4041 0.
721 3979 898 4053 Schneider,
928 3980 960 4039 in
991 3977 1110 4054 egregio
1132 3975 1235 4039 libello
1260 3977 1310 4038 De

121 4085 194 4143 vett.
217 4082 250 4141 in
270 4083 361 4142 Arist.
393 4083 497 4143 scholl.
519 4084 608 4142 fonti.
630 4101 658 4158 p.
684 4088 732 4157 89,
755 4102 811 4143 neo
830 4087 930 4142 temen
953 4082 1025 4142 adeo
1048 4087 1164 4141 utnon
1187 4077 1310 4140 videret

120 4189 244 4263 propter
272 4185 375 4245 scholl.
405 4185 481 4246 Ran.
517 4183 606 4245 1437.
640 4188 729 4245 1124.
762 4187 842 4245 1270
872 4206 932 4245 non
961 4204 1048 4262 posse
1076 4185 1112 4243 de
1140 4181 1307 4258 Apollonio

122 4287 240 4348 Rhodio
264 4287 405 4363 cogitari,
432 4308 500 4346 enm
528 4294 627 4347 tamen
657 4288 820 4362 significari
853 4288 944 4348 schol.
970 4292 1027 4349 Ar.
1053 4290 1132 4345 1242
1157 4284 1306 4359 concedit,

106 4391 209 4453 male.
254 4395 385 4451 ceterum
400 4391 437 4449 de
459 4392 524 4464 hoe,
548 4391 585 4449 de
608 4410 666 4470 quo
682 4391 789 4466 agitur,
815 4390 974 4469 Apollonio
997 4389 1070 4449 eerti
1087 4386 1164 4449 nihil
1187 4386 1306 4450 saeuit
